<?xml version="1.0" encoding="UTF-8"?>
<!DOCTYPE html PUBLIC "-//W3C//DTD XHTML 1.0 Transitional//EN"
    "http://www.w3.org/TR/xhtml1/DTD/xhtml1-transitional.dtd">
<html xmlns="http://www.w3.org/1999/xhtml" xml:lang="en" lang="en">
 <head>
  <title>
</title>
<meta http-equiv="Content-Type" content="text/html;charset=utf-8" />
  <meta name='ocr-system' content='tesseract 3.04.00' />
  <meta name='ocr-capabilities' content='ocr_page ocr_carea ocr_par ocr_line ocrx_word'/>
</head>
<body>
  <div class='ocr_page' id='page_1' title='image "./herodotihistori08herogoog_0312.png"; bbox 0 0 2014 3030; ppageno 0'>
   <div class='ocr_carea' id='block_1_1' title="bbox 264 77 865 138">
    <p class='ocr_par' dir='ltr' id='par_1_1' title="bbox 264 77 865 138">
     <span class='ocr_line' id='line_1_1' title="bbox 264 77 865 138; baseline 0.018 -12"><span class='ocrx_word' id='word_1_1' title='bbox 264 80 335 128; x_wconf 76' lang='lat' dir='ltr'><strong><em>Lm</em></strong></span> <span class='ocrx_word' id='word_1_2' title='bbox 357 83 410 128; x_wconf 86' lang='lat'>111.</span> <span class='ocrx_word' id='word_1_3' title='bbox 438 82 517 128; x_wconf 80' lang='lat' dir='ltr'><strong>CAP.</strong></span> <span class='ocrx_word' id='word_1_4' title='bbox 539 77 625 130; x_wconf 76' lang='lat'><strong><em>52—</em></strong></span> <span class='ocrx_word' id='word_1_5' title='bbox 638 80 678 132; x_wconf 85' lang='lat'><strong><em>55.</em></strong></span> <span class='ocrx_word' id='word_1_6' title='bbox 815 85 865 138; x_wconf 78' lang='grc'><strong><em>263</em></strong></span> 
     </span>
    </p>
   </div>
   <div class='ocr_carea' id='block_1_2' title="bbox 53 180 864 458">
    <p class='ocr_par' dir='ltr' id='par_1_2' title="bbox 53 180 864 434">
     <span class='ocr_line' id='line_1_2' title="bbox 54 180 864 266; baseline 0.009 -21"><span class='ocrx_word' id='word_1_7' title='bbox 54 180 214 245; x_wconf 78' lang='grc' dir='ltr'><strong><em>δικαίων</em></strong></span> <span class='ocrx_word' id='word_1_8' title='bbox 184 207 218 241; x_wconf 89' lang='grc' dir='ltr'><strong><em>τα</em></strong></span> <span class='ocrx_word' id='word_1_9' title='bbox 233 188 403 262; x_wconf 81' lang='grc' dir='ltr'><strong><em>ἐπιεικέστερα</em></strong></span> <span class='ocrx_word' id='word_1_10' title='bbox 416 191 589 263; x_wconf 81' lang='grc' dir='ltr'><strong><em>προτιθέαοι,</em></strong></span> <span class='ocrx_word' id='word_1_11' title='bbox 612 192 702 250; x_wconf 73' lang='grc' dir='ltr'><strong><em>πολλοὶ</em></strong></span> <span class='ocrx_word' id='word_1_12' title='bbox 720 193 747 252; x_wconf 84' lang='lat'><strong><em>55</em></strong></span> <span class='ocrx_word' id='word_1_13' title='bbox 764 187 861 266; x_wconf 74' lang='grc' dir='ltr'><strong><em>ἤδη</em></strong></span> <span class='ocrx_word' id='word_1_14' title='bbox 831 207 864 252; x_wconf 87' lang='grc' dir='ltr'><strong><em>τα</em></strong></span> 
     </span>
     <span class='ocr_line' id='line_1_3' title="bbox 53 264 863 380; baseline 0.012 -55"><span class='ocrx_word' id='word_1_15' title='bbox 53 292 172 346; x_wconf 81' lang='grc' dir='ltr'><strong><em>μητρῳα</em></strong></span> <span class='ocrx_word' id='word_1_16' title='bbox 188 264 355 341; x_wconf 76' lang='grc' dir='ltr'><strong><em>διζήμενοι</em></strong></span> <span class='ocrx_word' id='word_1_17' title='bbox 327 291 360 324; x_wconf 88' lang='grc' dir='ltr'><strong><em>τα</em></strong></span> <span class='ocrx_word' id='word_1_18' title='bbox 373 271 480 368; x_wconf 78' lang='grc' dir='ltr'><strong><em>πατρῷα</em></strong></span> <span class='ocrx_word' id='word_1_19' title='bbox 492 269 630 344; x_wconf 74' lang='grc' dir='ltr'><strong><em>ἀπέβαλον.</em></strong></span> <span class='ocrx_word' id='word_1_20' title='bbox 649 276 773 380; x_wconf 79' lang='grc' dir='ltr'><strong><em>τυραννὶς</em></strong></span> <span class='ocrx_word' id='word_1_21' title='bbox 776 301 863 352; x_wconf 81' lang='grc' dir='ltr'><strong><em>χρημα</em></strong></span> 
     </span>
     <span class='ocr_line' id='line_1_4' title="bbox 57 348 864 458; baseline 0.011 -49"><span class='ocrx_word' id='word_1_22' title='bbox 57 348 213 427; x_wconf 72' lang='grc' dir='ltr'><strong><em>σφαλερόν,</em></strong></span> <span class='ocrx_word' id='word_1_23' title='bbox 232 351 322 407; x_wconf 90' lang='grc' dir='ltr'><strong><em>πολλοι</em></strong></span> <span class='ocrx_word' id='word_1_24' title='bbox 337 350 407 407; x_wconf 85' lang='lat'><strong><em>55</em></strong></span> <span class='ocrx_word' id='word_1_25' title='bbox 377 353 455 422; x_wconf 77' lang='grc' dir='ltr'><strong><em>αυτης</em></strong></span> <span class='ocrx_word' id='word_1_26' title='bbox 468 355 612 428; x_wconf 79' lang='grc' dir='ltr'><strong><em>έρασταλ’</em></strong></span> <span class='ocrx_word' id='word_1_27' title='bbox 590 377 651 411; x_wconf 88' lang='grc' dir='ltr'><strong><em>εισι·</em></strong></span> <span class='ocrx_word' id='word_1_28' title='bbox 673 381 688 414; x_wconf 96' lang='grc' dir='ltr'><strong><em>ο</em></strong></span> <span class='ocrx_word' id='word_1_29' title='bbox 677 355 730 414; x_wconf 84' lang='lat'><strong><em>‘55</em></strong></span> <span class='ocrx_word' id='word_1_30' title='bbox 738 363 823 458; x_wconf 80' lang='grc' dir='ltr'><strong><em>γέρων</em></strong></span> <span class='ocrx_word' id='word_1_31' title='bbox 836 383 864 418; x_wconf 86' lang='grc' dir='ltr'><strong><em>τε</em></strong></span> 
     </span>
    </p>
   </div>
   <div class='ocr_carea' id='block_1_3' title="bbox 53 430 866 614">
    <p class='ocr_par' dir='ltr' id='par_1_3' title="bbox 56 430 866 599">
     <span class='ocr_line' id='line_1_5' title="bbox 56 430 864 531; baseline 0.013 -42"><span class='ocrx_word' id='word_1_32' title='bbox 56 432 107 506; x_wconf 70' lang='grc' dir='ltr'><strong><em>ἤδη</em></strong></span> <span class='ocrx_word' id='word_1_33' title='bbox 122 457 170 490; x_wconf 86' lang='grc' dir='ltr'><strong><em>και</em></strong></span> <span class='ocrx_word' id='word_1_34' title='bbox 162 430 352 531; x_wconf 79' lang='grc' dir='ltr'><strong><em>παρηβηκώς·</em></strong></span> <span class='ocrx_word' id='word_1_35' title='bbox 365 457 400 508; x_wconf 90' lang='grc' dir='ltr'><strong><em>μη</em></strong></span> <span class='ocrx_word' id='word_1_36' title='bbox 390 431 505 508; x_wconf 68' lang='lat'>&#39;¹559</span> <span class='ocrx_word' id='word_1_37' title='bbox 477 459 510 492; x_wconf 88' lang='grc' dir='ltr'><strong><em>τα</em></strong></span> <span class='ocrx_word' id='word_1_38' title='bbox 524 437 638 494; x_wconf 74' lang='grc' dir='ltr'><strong><em>σεωυτοῦ</em></strong></span> <span class='ocrx_word' id='word_1_39' title='bbox 651 435 748 513; x_wconf 76' lang='grc' dir='ltr'><strong><em>ἇγαθά</em></strong></span> <span class='ocrx_word' id='word_1_40' title='bbox 757 438 864 499; x_wconf 82' lang='grc' dir='ltr'><strong><em>άλλοισι.</em></strong></span> 
     </span>
     <span class='ocr_line' id='line_1_6' title="bbox 53 505 866 614; baseline 0.01 -41.059"><span class='ocrx_word' id='word_1_41' title='bbox 53 515 92 573; x_wconf 87' lang='lat' dir='ltr'><em>H</em></span> <span class='ocrx_word' id='word_1_42' title='bbox 102 520 155 592; x_wconf 82' lang='grc' dir='ltr'><strong><em>μέν</em></strong></span> <span class='ocrx_word' id='word_1_43' title='bbox 170 505 245 586; x_wconf 79' lang='grc' dir='ltr'><em>δῆ</em></span> <span class='ocrx_word' id='word_1_44' title='bbox 217 539 250 571; x_wconf 89' lang='grc' dir='ltr'><strong><em>τα</em></strong></span> <span class='ocrx_word' id='word_1_45' title='bbox 264 513 453 614; x_wconf 73' lang='grc' dir='ltr'><strong><em>ἐπαγωγότατα</em></strong></span> <span class='ocrx_word' id='word_1_46' title='bbox 466 519 652 602; x_wconf 69' lang='grc' dir='ltr'><strong><em>ὃιδαχθεῒσά“</em></strong></span> <span class='ocrx_word' id='word_1_47' title='bbox 638 517 691 578; x_wconf 87' lang='grc' dir='ltr'><strong><em>υπό</em></strong></span> <span class='ocrx_word' id='word_1_48' title='bbox 706 521 753 579; x_wconf 81' lang='grc' dir='ltr'><strong><em>τυό</em></strong></span> <span class='ocrx_word' id='word_1_49' title='bbox 765 522 866 599; x_wconf 89' lang='grc' dir='ltr'><strong><em>πατρός</em></strong></span> 
     </span>
    </p>
   </div>
   <div class='ocr_carea' id='block_1_4' title="bbox 57 593 871 2663">
    <p class='ocr_par' dir='ltr' id='par_1_4' title="bbox 57 593 869 1502">
     <span class='ocr_line' id='line_1_7' title="bbox 58 593 865 680; baseline 0.01 -25"><span class='ocrx_word' id='word_1_50' title='bbox 58 601 134 675; x_wconf 74' lang='grc' dir='ltr'><strong><em>ἔλεγε</em></strong></span> <span class='ocrx_word' id='word_1_51' title='bbox 159 593 231 674; x_wconf 85' lang='grc' dir='ltr'><strong><em>πρὸς</em></strong></span> <span class='ocrx_word' id='word_1_52' title='bbox 255 593 351 655; x_wconf 80' lang='grc' dir='ltr'><strong><em>αιἰτόν</em></strong></span> <span class='ocrx_word' id='word_1_53' title='bbox 382 595 397 655; x_wconf 93' lang='lat'><strong><em>5</em></strong></span> <span class='ocrx_word' id='word_1_54' title='bbox 420 597 482 655; x_wconf 88' lang='lat'><strong><em>55</em></strong></span> <span class='ocrx_word' id='word_1_55' title='bbox 467 598 669 676; x_wconf 88' lang='grc' dir='ltr'><strong><em>υποκρινάμενος</em></strong></span> <span class='ocrx_word' id='word_1_56' title='bbox 691 604 739 676; x_wconf 74' lang='grc' dir='ltr'><strong><em>ἔφη</em></strong></span> <span class='ocrx_word' id='word_1_57' title='bbox 762 603 865 680; x_wconf 70' lang='grc' dir='ltr'><strong><em>οὐδαμά</em></strong></span> 
     </span>
     <span class='ocr_line' id='line_1_8' title="bbox 57 676 867 762; baseline 0.009 -24"><span class='ocrx_word' id='word_1_58' title='bbox 57 679 133 751; x_wconf 79' lang='grc' dir='ltr'><strong><em>ἥξειν</em></strong></span> <span class='ocrx_word' id='word_1_59' title='bbox 147 687 175 746; x_wconf 82' lang='grc' dir='ltr'><strong><em>ές</em></strong></span> <span class='ocrx_word' id='word_1_60' title='bbox 189 676 381 754; x_wconf 72' lang='grc' dir='ltr'><strong><em>Κόρινθον,”</em></strong></span> <span class='ocrx_word' id='word_1_61' title='bbox 365 677 420 738; x_wconf 72' lang='grc' dir='ltr'><strong><em>κοτ’</em></strong></span> <span class='ocrx_word' id='word_1_62' title='bbox 434 679 468 737; x_wconf 82' lang='grc' dir='ltr'><strong><em>άν</em></strong></span> <span class='ocrx_word' id='word_1_63' title='bbox 485 681 654 754; x_wconf 77' lang='grc' dir='ltr'><strong><em>πυνθάνηται</em></strong></span> <span class='ocrx_word' id='word_1_64' title='bbox 671 685 808 762; x_wconf 76' lang='grc' dir='ltr'><strong><em>περιεόντα</em></strong></span> <span class='ocrx_word' id='word_1_65' title='bbox 820 685 867 745; x_wconf 86' lang='grc' dir='ltr'><strong><em>τὸν</em></strong></span> 
     </span>
     <span class='ocr_line' id='line_1_9' title="bbox 59 759 867 865; baseline 0.01 -46"><span class='ocrx_word' id='word_1_66' title='bbox 59 768 179 841; x_wconf 78' lang='grc' dir='ltr'><strong><em>πατέρα-</em></strong></span> <span class='ocrx_word' id='word_1_67' title='bbox 217 759 411 865; x_wconf 71' lang='grc' dir='ltr'><strong><em>ἀπαγγειλάσης</em></strong></span> <span class='ocrx_word' id='word_1_68' title='bbox 429 765 456 819; x_wconf 85' lang='lat'><strong><em>55</em></strong></span> <span class='ocrx_word' id='word_1_69' title='bbox 472 763 566 835; x_wconf 77' lang='grc' dir='ltr'><strong><em>ταύτης</em></strong></span> <span class='ocrx_word' id='word_1_70' title='bbox 581 767 677 836; x_wconf 74' lang='grc' dir='ltr'><strong><em>ταῦτα,</em></strong></span> <span class='ocrx_word' id='word_1_71' title='bbox 703 765 735 826; x_wconf 86' lang='grc' dir='ltr'><strong><em>τό</em></strong></span> <span class='ocrx_word' id='word_1_72' title='bbox 753 767 867 846; x_wconf 82' lang='grc' dir='ltr'><strong><em>τρέτονό</em></strong></span> 
     </span>
     <span class='ocr_line' id='line_1_10' title="bbox 61 841 866 950; baseline 0.009 -48"><span class='ocrx_word' id='word_1_73' title='bbox 61 841 274 946; x_wconf 56' lang='grc' dir='ltr'><strong><em>Περίανιλρος’</em></strong></span> <span class='ocrx_word' id='word_1_74' title='bbox 245 867 342 950; x_wconf 80' lang='grc' dir='ltr'><strong><em>κηρυκα</em></strong></span> <span class='ocrx_word' id='word_1_75' title='bbox 353 849 446 919; x_wconf 78' lang='grc' dir='ltr'><strong><em>πέμπει</em></strong></span> <span class='ocrx_word' id='word_1_76' title='bbox 457 845 610 921; x_wconf 79' lang='grc' dir='ltr'><strong><em>βουλόμενος</em></strong></span> <span class='ocrx_word' id='word_1_77' title='bbox 623 846 700 916; x_wconf 75' lang='grc' dir='ltr'><strong><em>οὗτός</em></strong></span> <span class='ocrx_word' id='word_1_78' title='bbox 711 855 757 926; x_wconf 86' lang='grc' dir='ltr'><strong><em>μέν</em></strong></span> <span class='ocrx_word' id='word_1_79' title='bbox 765 857 789 916; x_wconf 84' lang='grc' dir='ltr'><strong><em>ές</em></strong></span> <span class='ocrx_word' id='word_1_80' title='bbox 797 855 866 928; x_wconf 88' lang='grc' dir='ltr'><strong><em>Κέρ-</em></strong></span> 
     </span>
     <span class='ocr_line' id='line_1_11' title="bbox 59 926 866 1007; baseline 0.008 -23"><span class='ocrx_word' id='word_1_81' title='bbox 59 951 147 1005; x_wconf 84' lang='grc' dir='ltr'><strong><em>κτραν</em></strong></span> <span class='ocrx_word' id='word_1_82' title='bbox 159 926 245 998; x_wconf 73' lang='grc' dir='ltr'><strong><em>ἥκειν,</em></strong></span> <span class='ocrx_word' id='word_1_83' title='bbox 268 932 362 985; x_wconf 79' lang='grc' dir='ltr'><strong><em>ἐκεῖνον</em></strong></span> <span class='ocrx_word' id='word_1_84' title='bbox 379 929 432 984; x_wconf 84' lang='lat'><strong><em>55&#39;</em></strong></span> <span class='ocrx_word' id='word_1_85' title='bbox 419 951 443 992; x_wconf 84' lang='grc' dir='ltr'><strong><em>ες</em></strong></span> <span class='ocrx_word' id='word_1_86' title='bbox 456 927 624 1005; x_wconf 77' lang='grc' dir='ltr'><strong><em>Κόρινθον’</em></strong></span> <span class='ocrx_word' id='word_1_87' title='bbox 608 930 763 1007; x_wconf 86' lang='grc' dir='ltr'><strong><em>απικόμενον</em></strong></span> <span class='ocrx_word' id='word_1_88' title='bbox 777 932 866 991; x_wconf 76' lang='grc' dir='ltr'><strong><em>διάδο-</em></strong></span> 
     </span>
     <span class='ocr_line' id='line_1_12' title="bbox 58 1010 867 1112; baseline 0.005 -44"><span class='ocrx_word' id='word_1_89' title='bbox 58 1033 111 1083; x_wconf 83' lang='grc' dir='ltr'><strong><em>χον</em></strong></span> <span class='ocrx_word' id='word_1_90' title='bbox 124 1010 298 1087; x_wconf 73' lang='grc' dir='ltr'><strong><em>γίνεσθαι</em></strong></span> <span class='ocrx_word' id='word_1_91' title='bbox 269 1033 313 1079; x_wconf 91' lang='grc' dir='ltr'><strong><em>της</em></strong></span> <span class='ocrx_word' id='word_1_92' title='bbox 325 1012 481 1112; x_wconf 79' lang='grc' dir='ltr'><strong><em>τυραννέδος.</em></strong></span> <span class='ocrx_word' id='word_1_93' title='bbox 503 1017 700 1079; x_wconf 77' lang='grc' dir='ltr'><strong><em>καταινέσαντος</em></strong></span> <span class='ocrx_word' id='word_1_94' title='bbox 714 1013 739 1071; x_wconf 92' lang='lat'><strong><em>5</em></strong></span> <span class='ocrx_word' id='word_1_95' title='bbox 751 1018 792 1073; x_wconf 76' lang='grc' dir='ltr'><strong><em>ἐπὶ</em></strong></span> <span class='ocrx_word' id='word_1_96' title='bbox 805 1013 867 1073; x_wconf 71' lang='lat'>105-</span> 
     </span>
     <span class='ocr_line' id='line_1_13' title="bbox 61 1089 869 1170; baseline 0.004 -20"><span class='ocrx_word' id='word_1_97' title='bbox 61 1105 136 1152; x_wconf 89' lang='grc' dir='ltr'><strong><em>τοισι</em></strong></span> <span class='ocrx_word' id='word_1_98' title='bbox 158 1116 209 1150; x_wconf 90' lang='grc' dir='ltr'><strong><em>του</em></strong></span> <span class='ocrx_word' id='word_1_99' title='bbox 196 1089 368 1160; x_wconf 71' lang='grc' dir='ltr'><strong><em>παιδός,ς</em></strong></span> <span class='ocrx_word' id='word_1_100' title='bbox 354 1116 370 1150; x_wconf 93' lang='grc' dir='ltr'><strong><em>ο</em></strong></span> <span class='ocrx_word' id='word_1_101' title='bbox 387 1115 434 1167; x_wconf 86' lang='grc' dir='ltr'><strong><em>μεν</em></strong></span> <span class='ocrx_word' id='word_1_102' title='bbox 451 1096 614 1170; x_wconf 81' lang='grc' dir='ltr'><strong><em>Περίανδρος</em></strong></span> <span class='ocrx_word' id='word_1_103' title='bbox 634 1099 761 1152; x_wconf 74' lang='grc' dir='ltr'><strong><em>ἐστέλλετο</em></strong></span> <span class='ocrx_word' id='word_1_104' title='bbox 781 1103 805 1162; x_wconf 73' lang='grc' dir='ltr'><strong><em>ἐς</em></strong></span> <span class='ocrx_word' id='word_1_105' title='bbox 823 1097 869 1168; x_wconf 77' lang='grc' dir='ltr'><strong><em>την</em></strong></span> 
     </span>
     <span class='ocr_line' id='line_1_14' title="bbox 65 1172 869 1254; baseline 0.006 -23"><span class='ocrx_word' id='word_1_106' title='bbox 65 1181 220 1254; x_wconf 79' lang='grc' dir='ltr'><strong><em>Κέρκυραν,</em></strong></span> <span class='ocrx_word' id='word_1_107' title='bbox 239 1197 254 1231; x_wconf 93' lang='grc' dir='ltr'><strong><em>ο</em></strong></span> <span class='ocrx_word' id='word_1_108' title='bbox 243 1172 295 1231; x_wconf 84' lang='lat'><strong><em>55</em></strong></span> <span class='ocrx_word' id='word_1_109' title='bbox 306 1180 368 1240; x_wconf 76' lang='grc' dir='ltr'><strong><em>παῖς</em></strong></span> <span class='ocrx_word' id='word_1_110' title='bbox 382 1177 408 1231; x_wconf 83' lang='grc' dir='ltr'><strong><em>οἳ</em></strong></span> <span class='ocrx_word' id='word_1_111' title='bbox 421 1179 446 1238; x_wconf 83' lang='grc' dir='ltr'><strong><em>ές</em></strong></span> <span class='ocrx_word' id='word_1_112' title='bbox 459 1197 505 1244; x_wconf 86' lang='grc' dir='ltr'><strong><em>την</em></strong></span> <span class='ocrx_word' id='word_1_113' title='bbox 517 1173 670 1250; x_wconf 82' lang='grc' dir='ltr'><strong><em>Κόρινθον·</em></strong></span> <span class='ocrx_word' id='word_1_114' title='bbox 695 1176 828 1252; x_wconf 80' lang='grc' dir='ltr'><strong><em>μαθόντες</em></strong></span> <span class='ocrx_word' id='word_1_115' title='bbox 842 1181 869 1236; x_wconf 93' lang='lat'><strong><em>55</em></strong></span> 
     </span>
     <span class='ocr_line' id='line_1_15' title="bbox 63 1253 869 1366; baseline 0.002 -50"><span class='ocrx_word' id='word_1_116' title='bbox 63 1284 89 1318; x_wconf 93' lang='grc' dir='ltr'><strong><em>οι</em></strong></span> <span class='ocrx_word' id='word_1_117' title='bbox 79 1261 268 1358; x_wconf 72' lang='grc' dir='ltr'><strong><em>“Κερκυραῖοι</em></strong></span> <span class='ocrx_word' id='word_1_118' title='bbox 281 1253 379 1314; x_wconf 76' lang='grc' dir='ltr'><strong><em>τούτων</em></strong></span> <span class='ocrx_word' id='word_1_119' title='bbox 392 1257 502 1324; x_wconf 79' lang='grc' dir='ltr'><strong><em>ἕκαστα,</em></strong></span> <span class='ocrx_word' id='word_1_120' title='bbox 530 1259 574 1313; x_wconf 91' lang='grc' dir='ltr'><strong><em>ι’να</em></strong></span> <span class='ocrx_word' id='word_1_121' title='bbox 591 1255 626 1356; x_wconf 77' lang='grc' dir='ltr'><strong><em>μή</em></strong></span> <span class='ocrx_word' id='word_1_122' title='bbox 646 1282 693 1332; x_wconf 83' lang='grc' dir='ltr'><strong><em>σφι</em></strong></span> <span class='ocrx_word' id='word_1_123' title='bbox 703 1263 869 1366; x_wconf 77' lang='grc' dir='ltr'><strong><em>Περιανδρος</em></strong></span> 
     </span>
     <span class='ocr_line' id='line_1_16' title="bbox 65 1336 869 1416; baseline 0.005 -20"><span class='ocrx_word' id='word_1_124' title='bbox 65 1347 88 1408; x_wconf 84' lang='grc' dir='ltr'><strong><em>ές</em></strong></span> <span class='ocrx_word' id='word_1_125' title='bbox 105 1339 158 1412; x_wconf 77' lang='grc' dir='ltr'><strong><em>τὴν</em></strong></span> <span class='ocrx_word' id='word_1_126' title='bbox 174 1337 263 1416; x_wconf 81' lang='grc' dir='ltr'><strong><em>χώρην</em></strong></span> <span class='ocrx_word' id='word_1_127' title='bbox 280 1336 412 1410; x_wconf 80' lang='grc' dir='ltr'><strong><em>ἆπλκηται,</em></strong></span> <span class='ocrx_word' id='word_1_128' title='bbox 433 1343 559 1397; x_wconf 74' lang='grc' dir='ltr'><strong><em>κτείνουσι</em></strong></span> <span class='ocrx_word' id='word_1_129' title='bbox 576 1339 622 1398; x_wconf 86' lang='grc' dir='ltr'><strong><em>τόν</em></strong></span> <span class='ocrx_word' id='word_1_130' title='bbox 639 1345 777 1413; x_wconf 79' lang='grc' dir='ltr'><strong><em>νεηνίσκον.</em></strong></span> <span class='ocrx_word' id='word_1_131' title='bbox 812 1341 869 1400; x_wconf 68' lang='lat' dir='ltr'><strong><em>dni</em></strong></span> 
     </span>
     <span class='ocr_line' id='line_1_17' title="bbox 65 1422 759 1502; baseline 0.001 -22"><span class='ocrx_word' id='word_1_132' title='bbox 65 1422 171 1484; x_wconf 69' lang='grc' dir='ltr'><strong><em>τούτων</em></strong></span> <span class='ocrx_word' id='word_1_133' title='bbox 182 1425 230 1496; x_wconf 85' lang='grc' dir='ltr'><strong><em>μὲν</em></strong></span> <span class='ocrx_word' id='word_1_134' title='bbox 244 1424 405 1498; x_wconf 78' lang='grc' dir='ltr'><strong><em>Περίανδρος</em></strong></span> <span class='ocrx_word' id='word_1_135' title='bbox 418 1425 621 1498; x_wconf 76' lang='grc' dir='ltr'><strong><em>Κερκυραιους’</em></strong></span> <span class='ocrx_word' id='word_1_136' title='bbox 608 1429 759 1502; x_wconf 82' lang='grc' dir='ltr'><strong><em>ετιμωρέειο.</em></strong></span> 
     </span>
    </p>

    <p class='ocr_par' dir='ltr' id='par_1_5' title="bbox 66 1503 871 2244">
     <span class='ocr_line' id='line_1_18' title="bbox 132 1503 868 1582; baseline 0.005 -19"><span class='ocrx_word' id='word_1_137' title='bbox 132 1513 173 1564; x_wconf 77' lang='grc'><strong><em>54</em></strong></span> <span class='ocrx_word' id='word_1_138' title='bbox 195 1503 396 1578; x_wconf 77' lang='grc' dir='ltr'><strong><em>Λακεδαιμόνιοι</em></strong></span> <span class='ocrx_word' id='word_1_139' title='bbox 413 1507 440 1560; x_wconf 87' lang='lat'><strong><em>55</em></strong></span> <span class='ocrx_word' id='word_1_140' title='bbox 457 1505 539 1580; x_wconf 76' lang='grc' dir='ltr'><strong><em>στόλῳ</em></strong></span> <span class='ocrx_word' id='word_1_141' title='bbox 556 1503 701 1582; x_wconf 69' lang='grc' dir='ltr'><strong><em>μεγάλῳ’</em></strong></span> <span class='ocrx_word' id='word_1_142' title='bbox 682 1531 716 1574; x_wconf 88' lang='grc' dir='ltr'><strong><em>ως</em></strong></span> <span class='ocrx_word' id='word_1_143' title='bbox 738 1506 868 1577; x_wconf 81' lang='grc' dir='ltr'><strong><em>όστλκοντο,</em></strong></span> 
     </span>
     <span class='ocr_line' id='line_1_19' title="bbox 67 1583 869 1692; baseline 0.002 -44"><span class='ocrx_word' id='word_1_144' title='bbox 67 1586 241 1692; x_wconf 71' lang='grc' dir='ltr'><strong><em>ἐπολιόρκεον</em></strong></span> <span class='ocrx_word' id='word_1_145' title='bbox 253 1583 355 1662; x_wconf 80' lang='grc' dir='ltr'><strong><em>Σάμον·</em></strong></span> <span class='ocrx_word' id='word_1_146' title='bbox 385 1586 576 1663; x_wconf 79' lang='grc' dir='ltr'><strong><em>προσβαλόντες</em></strong></span> <span class='ocrx_word' id='word_1_147' title='bbox 599 1591 627 1646; x_wconf 86' lang='lat'><strong><em>55</em></strong></span> <span class='ocrx_word' id='word_1_148' title='bbox 644 1587 711 1666; x_wconf 90' lang='grc' dir='ltr'><strong><em>πρός</em></strong></span> <span class='ocrx_word' id='word_1_149' title='bbox 733 1589 764 1650; x_wconf 88' lang='grc' dir='ltr'><strong><em>τό</em></strong></span> <span class='ocrx_word' id='word_1_150' title='bbox 785 1597 869 1664; x_wconf 77' lang='grc' dir='ltr'><strong><em>τεῖχος</em></strong></span> 
     </span>
     <span class='ocr_line' id='line_1_20' title="bbox 66 1665 866 1770; baseline 0.01 -46"><span class='ocrx_word' id='word_1_151' title='bbox 66 1673 116 1730; x_wconf 75' lang='grc' dir='ltr'><strong><em>τοῦ</em></strong></span> <span class='ocrx_word' id='word_1_152' title='bbox 130 1675 179 1746; x_wconf 78' lang='grc' dir='ltr'><strong><em>μὲν</em></strong></span> <span class='ocrx_word' id='word_1_153' title='bbox 193 1665 260 1744; x_wconf 87' lang='grc' dir='ltr'><strong><em>πρὸς</em></strong></span> <span class='ocrx_word' id='word_1_154' title='bbox 272 1665 436 1744; x_wconf 73' lang='grc' dir='ltr'><strong><em>θαλάσση“</em></strong></span> <span class='ocrx_word' id='word_1_155' title='bbox 422 1671 545 1735; x_wconf 86' lang='grc' dir='ltr'><strong><em>εστεῶτος</em></strong></span> <span class='ocrx_word' id='word_1_156' title='bbox 558 1668 659 1770; x_wconf 82' lang='grc' dir='ltr'><strong><em>πόργου</em></strong></span> <span class='ocrx_word' id='word_1_157' title='bbox 675 1670 742 1730; x_wconf 78' lang='grc' dir='ltr'><strong><em>κατὰ</em></strong></span> <span class='ocrx_word' id='word_1_158' title='bbox 755 1671 786 1732; x_wconf 87' lang='grc' dir='ltr'><strong><em>τό</em></strong></span> <span class='ocrx_word' id='word_1_159' title='bbox 799 1697 866 1750; x_wconf 89' lang='grc' dir='ltr'><strong><em>προ-</em></strong></span> 
     </span>
     <span class='ocr_line' id='line_1_21' title="bbox 70 1747 867 1829; baseline 0.005 -18"><span class='ocrx_word' id='word_1_160' title='bbox 70 1752 178 1813; x_wconf 86' lang='grc' dir='ltr'><strong><em>άστειον</em></strong></span> <span class='ocrx_word' id='word_1_161' title='bbox 189 1752 234 1822; x_wconf 80' lang='grc' dir='ltr'><strong><em>τῆς</em></strong></span> <span class='ocrx_word' id='word_1_162' title='bbox 246 1747 335 1816; x_wconf 85' lang='grc' dir='ltr'><strong><em>πόλιος</em></strong></span> <span class='ocrx_word' id='word_1_163' title='bbox 346 1749 520 1828; x_wconf 72' lang='grc' dir='ltr'><strong><em>ὑπερέβησαν,</em></strong></span> <span class='ocrx_word' id='word_1_164' title='bbox 544 1751 607 1828; x_wconf 84' lang='grc' dir='ltr'><strong><em>μετά</em></strong></span> <span class='ocrx_word' id='word_1_165' title='bbox 627 1753 698 1810; x_wconf 78' lang='lat'><strong><em>55²</em></strong></span> <span class='ocrx_word' id='word_1_166' title='bbox 667 1779 749 1813; x_wconf 90' lang='grc' dir='ltr'><strong><em>αυτου</em></strong></span> <span class='ocrx_word' id='word_1_167' title='bbox 736 1753 867 1829; x_wconf 76' lang='grc' dir='ltr'><strong><em>βοηθη-</em></strong></span> 
     </span>
     <span class='ocr_line' id='line_1_22' title="bbox 70 1831 869 1910; baseline 0 -16"><span class='ocrx_word' id='word_1_168' title='bbox 70 1859 170 1900; x_wconf 87' lang='grc' dir='ltr'><strong><em>σαντος</em></strong></span> <span class='ocrx_word' id='word_1_169' title='bbox 188 1831 369 1910; x_wconf 84' lang='grc' dir='ltr'><strong><em>Πολυκράτεος</em></strong></span> <span class='ocrx_word' id='word_1_170' title='bbox 383 1837 449 1910; x_wconf 74' lang='grc' dir='ltr'><strong><em>χειρὶ</em></strong></span> <span class='ocrx_word' id='word_1_171' title='bbox 466 1837 549 1910; x_wconf 80' lang='grc' dir='ltr'><strong><em>πολλῆ</em></strong></span> <span class='ocrx_word' id='word_1_172' title='bbox 569 1833 773 1909; x_wconf 74' lang='grc' dir='ltr'><strong><em>ἀπηλάσθησαν.</em></strong></span> <span class='ocrx_word' id='word_1_173' title='bbox 801 1835 869 1896; x_wconf 80' lang='grc' dir='ltr'><strong><em>κατὰ</em></strong></span> 
     </span>
     <span class='ocr_line' id='line_1_23' title="bbox 71 1913 870 1996; baseline 0.004 -21"><span class='ocrx_word' id='word_1_174' title='bbox 71 1922 97 1977; x_wconf 86' lang='lat'><strong><em>55</em></strong></span> <span class='ocrx_word' id='word_1_175' title='bbox 108 1916 170 1978; x_wconf 89' lang='grc' dir='ltr'><strong><em>,τόν</em></strong></span> <span class='ocrx_word' id='word_1_176' title='bbox 194 1913 280 1974; x_wconf 88' lang='grc' dir='ltr'><strong><em>έπάνω</em></strong></span> <span class='ocrx_word' id='word_1_177' title='bbox 301 1914 404 1993; x_wconf 85' lang='grc' dir='ltr'><strong><em>πόργον</em></strong></span> <span class='ocrx_word' id='word_1_178' title='bbox 424 1914 470 1974; x_wconf 88' lang='grc' dir='ltr'><strong><em>τὸν</em></strong></span> <span class='ocrx_word' id='word_1_179' title='bbox 490 1917 579 1975; x_wconf 75' lang='grc' dir='ltr'><strong><em>ἐπὶ</em></strong></span> <span class='ocrx_word' id='word_1_180' title='bbox 549 1941 593 1990; x_wconf 88' lang='grc' dir='ltr'><strong><em>της</em></strong></span> <span class='ocrx_word' id='word_1_181' title='bbox 610 1917 699 1996; x_wconf 79' lang='grc' dir='ltr'><strong><em>ῥάχιος</em></strong></span> <span class='ocrx_word' id='word_1_182' title='bbox 715 1921 763 1979; x_wconf 76' lang='grc' dir='ltr'><strong><em>τοῦ</em></strong></span> <span class='ocrx_word' id='word_1_183' title='bbox 780 1918 870 1996; x_wconf 79' lang='grc' dir='ltr'><strong><em>οόρεος</em></strong></span> 
     </span>
     <span class='ocr_line' id='line_1_24' title="bbox 72 1998 871 2078; baseline -0.003 -18"><span class='ocrx_word' id='word_1_184' title='bbox 72 1998 184 2060; x_wconf 80' lang='grc' dir='ltr'><strong><em>ἐπεόντα</em></strong></span> <span class='ocrx_word' id='word_1_185' title='bbox 202 1999 347 2070; x_wconf 76' lang='grc' dir='ltr'><strong><em>ἐπεξῆλθον</em></strong></span> <span class='ocrx_word' id='word_1_186' title='bbox 366 2001 394 2058; x_wconf 82' lang='lat'><strong><em>05&#39;</em></strong></span> <span class='ocrx_word' id='word_1_187' title='bbox 409 2022 437 2056; x_wconf 86' lang='grc' dir='ltr'><strong><em>τε</em></strong></span> <span class='ocrx_word' id='word_1_188' title='bbox 455 2005 584 2076; x_wconf 76' lang='grc' dir='ltr'><strong><em>ἐπίκουροι</em></strong></span> <span class='ocrx_word' id='word_1_189' title='bbox 601 2004 645 2058; x_wconf 81' lang='grc' dir='ltr'><strong><em>καὶ</em></strong></span> <span class='ocrx_word' id='word_1_190' title='bbox 661 2001 747 2060; x_wconf 73' lang='grc' dir='ltr'><strong><em>αὐτῶν</em></strong></span> <span class='ocrx_word' id='word_1_191' title='bbox 765 2007 871 2078; x_wconf 79' lang='grc' dir='ltr'><strong><em>Σαμέων</em></strong></span> 
     </span>
     <span class='ocr_line' id='line_1_25' title="bbox 74 2079 871 2161; baseline 0.001 -19"><span class='ocrx_word' id='word_1_192' title='bbox 74 2085 178 2158; x_wconf 82' lang='grc' dir='ltr'><strong><em>συχνοὶ,</em></strong></span> <span class='ocrx_word' id='word_1_193' title='bbox 207 2079 339 2156; x_wconf 71' lang='grc' dir='ltr'><strong><em>δεξάμενοι</em></strong></span> <span class='ocrx_word' id='word_1_194' title='bbox 357 2084 384 2139; x_wconf 88' lang='lat'><strong><em>55</em></strong></span> <span class='ocrx_word' id='word_1_195' title='bbox 401 2079 461 2147; x_wconf 76' lang='grc' dir='ltr'><strong><em>τοὺς</em></strong></span> <span class='ocrx_word' id='word_1_196' title='bbox 478 2086 700 2158; x_wconf 82' lang='grc' dir='ltr'><strong><em>Λακεδαιμονίους</em></strong></span> <span class='ocrx_word' id='word_1_197' title='bbox 721 2081 763 2142; x_wconf 71' lang='grc' dir='ltr'><strong><em>ἐπ’</em></strong></span> <span class='ocrx_word' id='word_1_198' title='bbox 784 2081 871 2161; x_wconf 76' lang='grc' dir='ltr'><strong><em>ὀλίγον</em></strong></span> 
     </span>
     <span class='ocr_line' id='line_1_26' title="bbox 73 2161 795 2244; baseline -0.003 -19"><span class='ocrx_word' id='word_1_199' title='bbox 73 2165 171 2244; x_wconf 83' lang='grc' dir='ltr'><strong><em>χρόνον</em></strong></span> <span class='ocrx_word' id='word_1_200' title='bbox 185 2166 293 2239; x_wconf 69' lang='grc' dir='ltr'><strong><em>ἔφευγον</em></strong></span> <span class='ocrx_word' id='word_1_201' title='bbox 306 2161 399 2222; x_wconf 84' lang='grc' dir='ltr'><strong><em>όπέσω·</em></strong></span> <span class='ocrx_word' id='word_1_202' title='bbox 423 2167 488 2222; x_wconf 83' lang='lat'>0555</span> <span class='ocrx_word' id='word_1_203' title='bbox 502 2164 670 2241; x_wconf 79' lang='grc' dir='ltr'><strong><em>ἐπισπόμενοι</em></strong></span> <span class='ocrx_word' id='word_1_204' title='bbox 681 2169 795 2224; x_wconf 72' lang='grc' dir='ltr'><strong><em>ἔκτεινον.</em></strong></span> 
     </span>
    </p>

    <p class='ocr_par' dir='ltr' id='par_1_6' title="bbox 73 2246 871 2663">
     <span class='ocr_line' id='line_1_27' title="bbox 137 2246 870 2326; baseline 0.004 -21"><span class='ocrx_word' id='word_1_205' title='bbox 137 2255 177 2306; x_wconf 82' lang='grc'><strong><em>55.</em></strong></span> <span class='ocrx_word' id='word_1_206' title='bbox 200 2248 233 2304; x_wconf 83' lang='grc' dir='ltr'><strong><em>Εἰ</em></strong></span> <span class='ocrx_word' id='word_1_207' title='bbox 248 2249 295 2321; x_wconf 86' lang='grc' dir='ltr'><strong><em>μέν</em></strong></span> <span class='ocrx_word' id='word_1_208' title='bbox 306 2269 351 2304; x_wconf 88' lang='grc' dir='ltr'><strong><em>νυν</em></strong></span> <span class='ocrx_word' id='word_1_209' title='bbox 366 2249 392 2306; x_wconf 87' lang='lat'><strong><em>05</em></strong></span> <span class='ocrx_word' id='word_1_210' title='bbox 407 2247 548 2324; x_wconf 85' lang='grc' dir='ltr'><strong><em>παρεόντες</em></strong></span> <span class='ocrx_word' id='word_1_211' title='bbox 563 2252 773 2325; x_wconf 80' lang='grc' dir='ltr'><strong><em>Λακεδαιμονίων</em></strong></span> <span class='ocrx_word' id='word_1_212' title='bbox 786 2246 870 2326; x_wconf 77' lang='grc' dir='ltr'><strong><em>ὁμοῖοι</em></strong></span> 
     </span>
     <span class='ocr_line' id='line_1_28' title="bbox 73 2326 868 2407; baseline 0.001 -19"><span class='ocrx_word' id='word_1_213' title='bbox 73 2333 191 2406; x_wconf 79' lang='grc' dir='ltr'><strong><em>ἐγένοντο</em></strong></span> <span class='ocrx_word' id='word_1_214' title='bbox 204 2326 300 2400; x_wconf 71' lang='grc' dir='ltr'><strong><em>ταύτην</em></strong></span> <span class='ocrx_word' id='word_1_215' title='bbox 312 2327 358 2400; x_wconf 75' lang='grc' dir='ltr'><strong><em>την</em></strong></span> <span class='ocrx_word' id='word_1_216' title='bbox 369 2327 463 2405; x_wconf 73' lang='grc' dir='ltr'><strong><em>ἡμέρην</em></strong></span> <span class='ocrx_word' id='word_1_217' title='bbox 473 2329 559 2406; x_wconf 71' lang='grc' dir='ltr'><strong><em>Ἀρχέῃ</em></strong></span> <span class='ocrx_word' id='word_1_218' title='bbox 577 2354 606 2388; x_wconf 88' lang='grc' dir='ltr'><strong><em>τε</em></strong></span> <span class='ocrx_word' id='word_1_219' title='bbox 619 2333 663 2388; x_wconf 77' lang='grc' dir='ltr'><strong><em>καὶ</em></strong></span> <span class='ocrx_word' id='word_1_220' title='bbox 675 2329 804 2407; x_wconf 82' lang='grc' dir='ltr'><strong><em>Λυκώπῃ,</em></strong></span> <span class='ocrx_word' id='word_1_221' title='bbox 826 2333 868 2389; x_wconf 76' lang='grc' dir='ltr'><strong><em>αἱ·</em></strong></span> 
     </span>
     <span class='ocr_line' id='line_1_29' title="bbox 74 2409 867 2490; baseline 0 -18"><span class='ocrx_word' id='word_1_222' title='bbox 74 2417 142 2490; x_wconf 80' lang='grc' dir='ltr'><strong><em>ρέθη</em></strong></span> <span class='ocrx_word' id='word_1_223' title='bbox 157 2409 191 2469; x_wconf 74' lang='grc' dir='ltr'><strong><em>ἂν</em></strong></span> <span class='ocrx_word' id='word_1_224' title='bbox 205 2409 305 2486; x_wconf 86' lang='grc' dir='ltr'><strong><em>Σάμος·</em></strong></span> <span class='ocrx_word' id='word_1_225' title='bbox 327 2409 425 2489; x_wconf 76' lang='grc' dir='ltr'><strong><em>Ἄρχλης</em></strong></span> <span class='ocrx_word' id='word_1_226' title='bbox 438 2409 491 2488; x_wconf 83' lang='grc' dir='ltr'><strong><em>γάρ</em></strong></span> <span class='ocrx_word' id='word_1_227' title='bbox 504 2415 548 2470; x_wconf 80' lang='grc' dir='ltr'><strong><em>καλ</em></strong></span> <span class='ocrx_word' id='word_1_228' title='bbox 560 2411 689 2486; x_wconf 79' lang='grc' dir='ltr'><strong><em>Λυκώπης</em></strong></span> <span class='ocrx_word' id='word_1_229' title='bbox 701 2413 793 2489; x_wconf 74' lang='grc' dir='ltr'><strong><em>μοῦνοι</em></strong></span> <span class='ocrx_word' id='word_1_230' title='bbox 806 2435 867 2472; x_wconf 85' lang='grc' dir='ltr'><strong><em>συν-</em></strong></span> 
     </span>
     <span class='ocr_line' id='line_1_30' title="bbox 73 2491 870 2571; baseline -0.004 -17"><span class='ocrx_word' id='word_1_231' title='bbox 73 2491 228 2559; x_wconf 88' lang='grc' dir='ltr'><strong><em>εσπεσόντες</em></strong></span> <span class='ocrx_word' id='word_1_232' title='bbox 245 2491 372 2570; x_wconf 72' lang='grc' dir='ltr'><strong><em>φεύγουσι</em></strong></span> <span class='ocrx_word' id='word_1_233' title='bbox 389 2501 414 2559; x_wconf 83' lang='grc' dir='ltr'><strong><em>ές</em></strong></span> <span class='ocrx_word' id='word_1_234' title='bbox 431 2492 462 2552; x_wconf 88' lang='grc' dir='ltr'><strong><em>τό</em></strong></span> <span class='ocrx_word' id='word_1_235' title='bbox 479 2501 562 2568; x_wconf 77' lang='grc' dir='ltr'><strong><em>τεῖχος</em></strong></span> <span class='ocrx_word' id='word_1_236' title='bbox 579 2503 648 2554; x_wconf 75' lang='grc' dir='ltr'><strong><em>τοῖσι</em></strong></span> <span class='ocrx_word' id='word_1_237' title='bbox 665 2500 800 2571; x_wconf 79' lang='grc' dir='ltr'><strong><em>Σαμίοισι,</em></strong></span> <span class='ocrx_word' id='word_1_238' title='bbox 825 2495 870 2552; x_wconf 82' lang='grc' dir='ltr'><strong><em>καλ</em></strong></span> 
     </span>
     <span class='ocr_line' id='line_1_31' title="bbox 75 2574 871 2663; baseline -0.005 -26"><span class='ocrx_word' id='word_1_239' title='bbox 75 2577 294 2651; x_wconf 74' lang='grc' dir='ltr'><strong><em>ἇποκληλσθέντες</em></strong></span> <span class='ocrx_word' id='word_1_240' title='bbox 305 2577 355 2663; x_wconf 76' lang='grc' dir='ltr'><strong><em>τῆς</em></strong></span> <span class='ocrx_word' id='word_1_241' title='bbox 369 2575 452 2638; x_wconf 76' lang='grc' dir='ltr'><strong><em>ὀπίσω</em></strong></span> <span class='ocrx_word' id='word_1_242' title='bbox 467 2575 544 2647; x_wconf 86' lang='lat'>5505,</span> <span class='ocrx_word' id='word_1_243' title='bbox 570 2576 709 2638; x_wconf 78' lang='grc' dir='ltr'><strong><em>ἀπέθανον</em></strong></span> <span class='ocrx_word' id='word_1_244' title='bbox 727 2584 753 2636; x_wconf 76' lang='grc' dir='ltr'><strong><em>ἐν</em></strong></span> <span class='ocrx_word' id='word_1_245' title='bbox 764 2577 796 2654; x_wconf 75' lang='grc' dir='ltr'><strong><em>τῇ</em></strong></span> <span class='ocrx_word' id='word_1_246' title='bbox 809 2574 871 2634; x_wconf 72' lang='grc' dir='ltr'><strong><em>πόλι</em></strong></span> 
     </span>
    </p>
   </div>
   <div class='ocr_carea' id='block_1_5' title="bbox 0 0 1023 3030">
    <p class='ocr_par' dir='ltr' id='par_1_7' title="bbox 0 0 1023 3030">
     <span class='ocr_line' id='line_1_32' title="bbox 0 0 1023 3030; baseline 0 0"><span class='ocrx_word' id='word_1_247' title='bbox 0 0 1023 3030; x_wconf 95' lang='lat' dir='ltr'><strong><em> </em></strong></span> 
     </span>
    </p>
   </div>
  </div>
 </body>
</html>
