<?xml version="1.0" encoding="UTF-8"?>
<!DOCTYPE html PUBLIC "-//W3C//DTD XHTML 1.0 Transitional//EN"
    "http://www.w3.org/TR/xhtml1/DTD/xhtml1-transitional.dtd">
<html xmlns="http://www.w3.org/1999/xhtml" xml:lang="en" lang="en">
 <head>
  <title>
</title>
<meta http-equiv="Content-Type" content="text/html;charset=utf-8" />
  <meta name='ocr-system' content='tesseract 3.04.00' />
  <meta name='ocr-capabilities' content='ocr_page ocr_carea ocr_par ocr_line ocrx_word'/>
</head>
<body>
  <div class='ocr_page' id='page_1' title='image "./herodotihistori08herogoog_0244.png"; bbox 0 0 2204 3010; ppageno 0'>
   <div class='ocr_carea' id='block_1_1' title="bbox 288 231 899 302">
    <p class='ocr_par' dir='ltr' id='par_1_1' title="bbox 288 231 899 302">
     <span class='ocr_line' id='line_1_1' title="bbox 288 231 899 302; baseline 0.01 -6"><span class='ocrx_word' id='word_1_1' title='bbox 288 231 369 296; x_wconf 60' lang='grc' dir='ltr'><em>ιτεζ</em></span> <span class='ocrx_word' id='word_1_2' title='bbox 382 251 420 298; x_wconf 90' lang='lat'><em>11.</em></span> <span class='ocrx_word' id='word_1_3' title='bbox 447 251 526 297; x_wconf 73' lang='grc' dir='ltr'><em>σιν.</em></span> <span class='ocrx_word' id='word_1_4' title='bbox 549 247 596 300; x_wconf 78' lang='grc'><em>139</em></span> <span class='ocrx_word' id='word_1_5' title='bbox 609 277 652 286; x_wconf 90' lang='lat'>-</span> <span class='ocrx_word' id='word_1_6' title='bbox 665 249 720 300; x_wconf 76' lang='grc' dir='ltr'><em>ιιι.</em></span> <span class='ocrx_word' id='word_1_7' title='bbox 846 251 899 302; x_wconf 80' lang='lat'><em>207</em></span> 
     </span>
    </p>
   </div>
   <div class='ocr_carea' id='block_1_2' title="bbox 75 353 965 2842">
    <p class='ocr_par' dir='ltr' id='par_1_2' title="bbox 75 353 902 1334">
     <span class='ocr_line' id='line_1_2' title="bbox 107 353 899 434; baseline 0.01 -22"><span class='ocrx_word' id='word_1_8' title='bbox 107 353 156 422; x_wconf 77' lang='grc' dir='ltr'><em>τοδς</em></span> <span class='ocrx_word' id='word_1_9' title='bbox 173 355 347 430; x_wconf 73' lang='grc' dir='ltr'><em>βουλομένους</em></span> <span class='ocrx_word' id='word_1_10' title='bbox 365 355 391 414; x_wconf 76' lang='grc' dir='ltr'><em>οἳ</em></span> <span class='ocrx_word' id='word_1_11' title='bbox 413 355 541 425; x_wconf 76' lang='grc' dir='ltr'><em>ἕπεσθαι,</em></span> <span class='ocrx_word' id='word_1_12' title='bbox 570 355 855 434; x_wconf 65' lang='grc' dir='ltr'><em>στρατοπεδεύσασθαι</em></span> <span class='ocrx_word' id='word_1_13' title='bbox 873 368 899 420; x_wconf 84' lang='grc' dir='ltr'><em>έν</em></span> 
     </span>
     <span class='ocr_line' id='line_1_3' title="bbox 108 435 900 514; baseline 0.008 -18"><span class='ocrx_word' id='word_1_14' title='bbox 108 441 240 512; x_wconf 77' lang='grc' dir='ltr'><em>Πηλουσίῳ</em></span> <span class='ocrx_word' id='word_1_15' title='bbox 254 437 351 514; x_wconf 81' lang='grc' dir='ltr'><em>(ταίιτῃ</em></span> <span class='ocrx_word' id='word_1_16' title='bbox 366 435 419 514; x_wconf 79' lang='grc' dir='ltr'><em>γάρ</em></span> <span class='ocrx_word' id='word_1_17' title='bbox 432 439 482 496; x_wconf 79' lang='grc' dir='ltr'><em>εἰσι</em></span> <span class='ocrx_word' id='word_1_18' title='bbox 496 441 525 496; x_wconf 76' lang='grc' dir='ltr'><em>αἱ</em></span> <span class='ocrx_word' id='word_1_19' title='bbox 538 441 671 514; x_wconf 78' lang='grc' dir='ltr'><em>έσβολαί)·</em></span> <span class='ocrx_word' id='word_1_20' title='bbox 700 443 816 501; x_wconf 74' lang='grc' dir='ltr'><em>ἕπεσθαι</em></span> <span class='ocrx_word' id='word_1_21' title='bbox 833 445 861 502; x_wconf 84' lang='grc' dir='ltr'><em>δέ</em></span> <span class='ocrx_word' id='word_1_22' title='bbox 874 445 900 504; x_wconf 78' lang='grc' dir='ltr'><em>οἱ</em></span> 
     </span>
     <span class='ocr_line' id='line_1_4' title="bbox 108 519 897 600; baseline 0.006 -21"><span class='ocrx_word' id='word_1_23' title='bbox 108 523 147 579; x_wconf 83' lang='grc' dir='ltr'><em>τόν</em></span> <span class='ocrx_word' id='word_1_24' title='bbox 158 525 280 598; x_wconf 75' lang='grc' dir='ltr'><em>μαχίμων</em></span> <span class='ocrx_word' id='word_1_25' title='bbox 292 525 339 597; x_wconf 90' lang='grc' dir='ltr'><em>μέν</em></span> <span class='ocrx_word' id='word_1_26' title='bbox 353 519 446 579; x_wconf 78' lang='grc' dir='ltr'><em>οὐδένα</em></span> <span class='ocrx_word' id='word_1_27' title='bbox 460 520 573 599; x_wconf 77' lang='grc' dir='ltr'><em>ἀνδρῶν,</em></span> <span class='ocrx_word' id='word_1_28' title='bbox 600 521 731 596; x_wconf 77' lang='grc' dir='ltr'><em>καπήλους</em></span> <span class='ocrx_word' id='word_1_29' title='bbox 749 527 833 584; x_wconf 75' lang='grc' dir='ltr'><em>δὲκαὶ</em></span> <span class='ocrx_word' id='word_1_30' title='bbox 843 549 897 600; x_wconf 80' lang='grc' dir='ltr'><em>χει·</em></span> 
     </span>
     <span class='ocr_line' id='line_1_5' title="bbox 108 601 897 682; baseline 0.008 -20"><span class='ocrx_word' id='word_1_31' title='bbox 108 603 234 682; x_wconf 80' lang='grc' dir='ltr'><em>ρόκακτας</em></span> <span class='ocrx_word' id='word_1_32' title='bbox 250 605 296 660; x_wconf 81' lang='grc' dir='ltr'><em>καλ</em></span> <span class='ocrx_word' id='word_1_33' title='bbox 314 601 455 680; x_wconf 68' lang='grc' dir='ltr'><em>ἀγοραίους</em></span> <span class='ocrx_word' id='word_1_34' title='bbox 475 603 642 681; x_wconf 73' lang='grc' dir='ltr'><em>ἀνθρώπους.</em></span> <span class='ocrx_word' id='word_1_35' title='bbox 672 607 791 666; x_wconf 74' lang='grc' dir='ltr'><em>ένθοῖπα</em></span> <span class='ocrx_word' id='word_1_36' title='bbox 806 605 897 668; x_wconf 77' lang='grc' dir='ltr'><em>δτιικσ-</em></span> 
     </span>
     <span class='ocr_line' id='line_1_6' title="bbox 108 685 901 768; baseline 0 -20"><span class='ocrx_word' id='word_1_37' title='bbox 108 693 194 757; x_wconf 78' lang='grc' dir='ltr'><em>μένους,</em></span> <span class='ocrx_word' id='word_1_38' title='bbox 214 693 286 746; x_wconf 77' lang='grc' dir='ltr'><em>τοῖσι</em></span> <span class='ocrx_word' id='word_1_39' title='bbox 300 691 436 746; x_wconf 72' lang='grc' dir='ltr'><em>ἐναντίοισι</em></span> <span class='ocrx_word' id='word_1_40' title='bbox 450 685 552 745; x_wconf 75' lang='grc' dir='ltr'><em>αι’ττοῒσι</em></span> <span class='ocrx_word' id='word_1_41' title='bbox 565 693 737 762; x_wconf 71' lang='grc' dir='ltr'><em>ἐπιχυθέντας</em></span> <span class='ocrx_word' id='word_1_42' title='bbox 750 689 839 757; x_wconf 86' lang='grc' dir='ltr'><em>νυκτὸς</em></span> <span class='ocrx_word' id='word_1_43' title='bbox 851 691 901 768; x_wconf 80' lang='grc' dir='ltr'><em>μῢς</em></span> 
     </span>
     <span class='ocr_line' id='line_1_7' title="bbox 108 768 900 874; baseline 0.001 -44"><span class='ocrx_word' id='word_1_44' title='bbox 108 771 258 850; x_wconf 78' lang='grc' dir='ltr'><em>ιλραυραίους</em></span> <span class='ocrx_word' id='word_1_45' title='bbox 275 768 344 827; x_wconf 77' lang='grc' dir='ltr'><em>κατὰ</em></span> <span class='ocrx_word' id='word_1_46' title='bbox 360 774 406 845; x_wconf 85' lang='grc' dir='ltr'><em>μέν</em></span> <span class='ocrx_word' id='word_1_47' title='bbox 419 775 525 846; x_wconf 84' lang='grc' dir='ltr'><em>φαγέειν</em></span> <span class='ocrx_word' id='word_1_48' title='bbox 537 769 597 838; x_wconf 78' lang='grc' dir='ltr'><em>τοὺς</em></span> <span class='ocrx_word' id='word_1_49' title='bbox 615 773 795 874; x_wconf 70' lang='grc' dir='ltr'><em>φαρετρερλνας</em></span> <span class='ocrx_word' id='word_1_50' title='bbox 808 772 900 842; x_wconf 70' lang='grc' dir='ltr'><em>αὐτῶν,</em></span> 
     </span>
     <span class='ocr_line' id='line_1_8' title="bbox 75 851 901 930; baseline 0.004 -18"><span class='ocrx_word' id='word_1_51' title='bbox 75 885 76 898; x_wconf 54' lang='grc' dir='ltr'><em>ι</em></span> <span class='ocrx_word' id='word_1_52' title='bbox 107 879 164 914; x_wconf 87' lang='grc' dir='ltr'><em>ιαια</em></span> <span class='ocrx_word' id='word_1_53' title='bbox 154 851 249 912; x_wconf 78' lang='grc' dir='ltr'><em>’δέ“</em></span> <span class='ocrx_word' id='word_1_54' title='bbox 219 879 255 912; x_wconf 89' lang='grc' dir='ltr'><em>τα</em></span> <span class='ocrx_word' id='word_1_55' title='bbox 267 851 342 922; x_wconf 86' lang='grc' dir='ltr'><em>τόξα,</em></span> <span class='ocrx_word' id='word_1_56' title='bbox 360 851 427 930; x_wconf 86' lang='grc' dir='ltr'><em>πρὸς</em></span> <span class='ocrx_word' id='word_1_57' title='bbox 441 854 516 912; x_wconf 86' lang='grc' dir='ltr'><em>δέ</em></span> <span class='ocrx_word' id='word_1_58' title='bbox 481 877 532 912; x_wconf 90' lang='grc' dir='ltr'><em>των</em></span> <span class='ocrx_word' id='word_1_59' title='bbox 547 852 705 914; x_wconf 85' lang='grc' dir='ltr'><em>ασιτίδων</em></span> <span class='ocrx_word' id='word_1_60' title='bbox 677 880 709 914; x_wconf 87' lang='grc' dir='ltr'><em>τα</em></span> <span class='ocrx_word' id='word_1_61' title='bbox 724 853 820 928; x_wconf 77' lang='grc' dir='ltr'><em>ὄχανα,</em></span> <span class='ocrx_word' id='word_1_62' title='bbox 834 854 901 915; x_wconf 81' lang='grc' dir='ltr'><em>ὥστε</em></span> 
     </span>
     <span class='ocr_line' id='line_1_9' title="bbox 106 936 900 1039; baseline -0.003 -42"><span class='ocrx_word' id='word_1_63' title='bbox 106 941 133 1016; x_wconf 78' lang='grc' dir='ltr'><em>τῇ</em></span> <span class='ocrx_word' id='word_1_64' title='bbox 153 937 278 1016; x_wconf 83' lang='grc' dir='ltr'><em>υστεραίῃ</em></span> <span class='ocrx_word' id='word_1_65' title='bbox 301 936 448 1039; x_wconf 60' lang='grc' dir='ltr'><em>φερηιόντων</em></span> <span class='ocrx_word' id='word_1_66' title='bbox 471 941 556 1012; x_wconf 82' lang='grc' dir='ltr'><em>σφέων</em></span> <span class='ocrx_word' id='word_1_67' title='bbox 577 940 680 1015; x_wconf 80' lang='grc' dir='ltr'><em>γυμνῶν</em></span> <span class='ocrx_word' id='word_1_68' title='bbox 698 937 785 998; x_wconf 83' lang='grc' dir='ltr'><em>ὅπλων</em></span> <span class='ocrx_word' id='word_1_69' title='bbox 800 943 900 998; x_wconf 74' lang='grc' dir='ltr'><em>πεσέειν</em></span> 
     </span>
     <span class='ocr_line' id='line_1_10' title="bbox 108 1019 900 1100; baseline 0 -21"><span class='ocrx_word' id='word_1_70' title='bbox 108 1020 216 1088; x_wconf 77' lang='grc' dir='ltr'><em>πολλούς.</em></span> <span class='ocrx_word' id='word_1_71' title='bbox 246 1045 292 1078; x_wconf 92' lang='grc' dir='ltr'><em>και</em></span> <span class='ocrx_word' id='word_1_72' title='bbox 313 1042 359 1078; x_wconf 87' lang='grc' dir='ltr'><em>νυν</em></span> <span class='ocrx_word' id='word_1_73' title='bbox 381 1045 457 1086; x_wconf 92' lang='grc' dir='ltr'><em>ουτος</em></span> <span class='ocrx_word' id='word_1_74' title='bbox 480 1046 494 1079; x_wconf 94' lang='grc' dir='ltr'><em>ο</em></span> <span class='ocrx_word' id='word_1_75' title='bbox 483 1019 664 1094; x_wconf 79' lang='grc' dir='ltr'><em>βασιλιὺς”</em></span> <span class='ocrx_word' id='word_1_76' title='bbox 648 1045 737 1094; x_wconf 83' lang='grc' dir='ltr'><em>εστηκε</em></span> <span class='ocrx_word' id='word_1_77' title='bbox 755 1029 782 1081; x_wconf 81' lang='grc' dir='ltr'><em>έν</em></span> <span class='ocrx_word' id='word_1_78' title='bbox 799 1023 834 1098; x_wconf 74' lang='grc' dir='ltr'><em>τῷ</em></span> <span class='ocrx_word' id='word_1_79' title='bbox 853 1021 900 1100; x_wconf 80' lang='grc' dir='ltr'><em>ἱρῷ</em></span> 
     </span>
     <span class='ocr_line' id='line_1_11' title="bbox 109 1081 902 1182; baseline 0 -20"><span class='ocrx_word' id='word_1_80' title='bbox 109 1129 148 1164; x_wconf 82' lang='grc' dir='ltr'><em>του</em></span> <span class='ocrx_word' id='word_1_81' title='bbox 156 1104 309 1180; x_wconf 78' lang='grc' dir='ltr'><em>Ἡφαίστου</em></span> <span class='ocrx_word' id='word_1_82' title='bbox 321 1105 472 1172; x_wconf 75' lang='grc' dir='ltr'><em>λίθινος,”</em></span> <span class='ocrx_word' id='word_1_83' title='bbox 456 1127 519 1176; x_wconf 85' lang='grc' dir='ltr'><em>εχων</em></span> <span class='ocrx_word' id='word_1_84' title='bbox 531 1105 618 1162; x_wconf 83' lang='grc' dir='ltr'><em>έττι</em></span> <span class='ocrx_word' id='word_1_85' title='bbox 587 1129 633 1177; x_wconf 90' lang='grc' dir='ltr'><em>της</em></span> <span class='ocrx_word' id='word_1_86' title='bbox 643 1103 730 1181; x_wconf 88' lang='grc' dir='ltr'><em>χειρὸς</em></span> <span class='ocrx_word' id='word_1_87' title='bbox 741 1127 801 1182; x_wconf 90' lang='grc' dir='ltr'><em>μυν,</em></span> <span class='ocrx_word' id='word_1_88' title='bbox 820 1081 902 1180; x_wconf 74' lang='grc' dir='ltr'><em>λέγων</em></span> 
     </span>
     <span class='ocr_line' id='line_1_12' title="bbox 110 1183 902 1266; baseline 0 -22"><span class='ocrx_word' id='word_1_89' title='bbox 110 1186 146 1246; x_wconf 79' lang='grc' dir='ltr'><em>διὰ</em></span> <span class='ocrx_word' id='word_1_90' title='bbox 164 1184 327 1266; x_wconf 72' lang='grc' dir='ltr'><em>γραμμάτων</em></span> <span class='ocrx_word' id='word_1_91' title='bbox 347 1183 420 1244; x_wconf 83' lang='grc' dir='ltr'><em>τόδε·</em></span> <span class='ocrx_word' id='word_1_92' title='bbox 443 1184 489 1252; x_wconf 78' lang='grc' dir='ltr'><em>Ἐς</em></span> <span class='ocrx_word' id='word_1_93' title='bbox 511 1190 563 1262; x_wconf 79' lang='grc' dir='ltr'><em>ἐμέ</em></span> <span class='ocrx_word' id='word_1_94' title='bbox 582 1210 629 1252; x_wconf 91' lang='grc' dir='ltr'><em>τις</em></span> <span class='ocrx_word' id='word_1_95' title='bbox 650 1186 748 1264; x_wconf 85' lang='grc' dir='ltr'><em>ὁρέων</em></span> <span class='ocrx_word' id='word_1_96' title='bbox 770 1183 902 1260; x_wconf 77' lang='grc' dir='ltr'><em>ευσεβης</em></span> 
     </span>
     <span class='ocr_line' id='line_1_13' title="bbox 112 1272 187 1334; baseline -0.067 0"><span class='ocrx_word' id='word_1_97' title='bbox 112 1272 187 1334; x_wconf 77' lang='grc' dir='ltr'><em>ἔστω.</em></span> 
     </span>
    </p>

    <p class='ocr_par' dir='ltr' id='par_1_3' title="bbox 113 1347 965 2842">
     <span class='ocr_line' id='line_1_14' title="bbox 163 1347 905 1428; baseline -0.005 -15"><span class='ocrx_word' id='word_1_98' title='bbox 163 1363 221 1413; x_wconf 66' lang='lat'><em>142.</em></span> <span class='ocrx_word' id='word_1_99' title='bbox 238 1351 293 1414; x_wconf 79' lang='grc' dir='ltr'><em>ἘΣ</em></span> <span class='ocrx_word' id='word_1_100' title='bbox 303 1361 393 1412; x_wconf 85' lang='grc' dir='ltr'><em>ΜΕΝ</em></span> <span class='ocrx_word' id='word_1_101' title='bbox 402 1350 511 1412; x_wconf 87' lang='grc' dir='ltr'><em>τοσόνδε</em></span> <span class='ocrx_word' id='word_1_102' title='bbox 524 1375 572 1410; x_wconf 88' lang='grc' dir='ltr'><em>του</em></span> <span class='ocrx_word' id='word_1_103' title='bbox 558 1347 810 1428; x_wconf 79' lang='grc' dir='ltr'><em>”λόγουΑἲγίιπτιολ</em></span> <span class='ocrx_word' id='word_1_104' title='bbox 820 1373 848 1410; x_wconf 89' lang='grc' dir='ltr'><em>τε</em></span> <span class='ocrx_word' id='word_1_105' title='bbox 860 1353 905 1409; x_wconf 77' lang='grc' dir='ltr'><em>καλ</em></span> 
     </span>
     <span class='ocr_line' id='line_1_15' title="bbox 114 1431 905 1516; baseline -0.001 -22"><span class='ocrx_word' id='word_1_106' title='bbox 114 1438 134 1495; x_wconf 84' lang='grc' dir='ltr'><em>οἱ</em></span> <span class='ocrx_word' id='word_1_107' title='bbox 144 1439 204 1516; x_wconf 80' lang='grc' dir='ltr'><em>ἱρέες</em></span> <span class='ocrx_word' id='word_1_108' title='bbox 216 1440 312 1514; x_wconf 72' lang='grc' dir='ltr'><em>ἔλεγον,</em></span> <span class='ocrx_word' id='word_1_109' title='bbox 332 1431 553 1500; x_wconf 80' lang='grc' dir='ltr'><em>ἆποδεικνόιτες’</em></span> <span class='ocrx_word' id='word_1_110' title='bbox 539 1457 592 1492; x_wconf 85' lang='grc' dir='ltr'><em>αιτο</em></span> <span class='ocrx_word' id='word_1_111' title='bbox 583 1431 653 1492; x_wconf 74' lang='grc' dir='ltr'><em>τοῦ</em></span> <span class='ocrx_word' id='word_1_112' title='bbox 666 1433 772 1512; x_wconf 78' lang='grc' dir='ltr'><em>πρώτου</em></span> <span class='ocrx_word' id='word_1_113' title='bbox 785 1435 905 1510; x_wconf 75' lang='grc' dir='ltr'><em>βασιλέος</em></span> 
     </span>
     <span class='ocr_line' id='line_1_16' title="bbox 114 1515 902 1596; baseline -0.004 -17"><span class='ocrx_word' id='word_1_114' title='bbox 114 1527 133 1585; x_wconf 82' lang='grc' dir='ltr'><em>ές</em></span> <span class='ocrx_word' id='word_1_115' title='bbox 146 1546 191 1580; x_wconf 87' lang='grc' dir='ltr'><em>του</em></span> <span class='ocrx_word' id='word_1_116' title='bbox 201 1520 353 1596; x_wconf 80' lang='grc' dir='ltr'><em>Ἡφαίστου</em></span> <span class='ocrx_word' id='word_1_117' title='bbox 369 1518 415 1578; x_wconf 88' lang='grc' dir='ltr'><em>τὸν</em></span> <span class='ocrx_word' id='word_1_118' title='bbox 433 1522 489 1596; x_wconf 76' lang='grc' dir='ltr'><em>ἱρέα</em></span> <span class='ocrx_word' id='word_1_119' title='bbox 502 1517 596 1577; x_wconf 77' lang='grc' dir='ltr'><em>τοῧτον</em></span> <span class='ocrx_word' id='word_1_120' title='bbox 608 1515 654 1576; x_wconf 83' lang='grc' dir='ltr'><em>τόν</em></span> <span class='ocrx_word' id='word_1_121' title='bbox 667 1523 811 1578; x_wconf 79' lang='grc' dir='ltr'><em>τελευταῖον</em></span> <span class='ocrx_word' id='word_1_122' title='bbox 824 1519 902 1594; x_wconf 79' lang='grc' dir='ltr'><em>βασι-</em></span> 
     </span>
     <span class='ocr_line' id='line_1_17' title="bbox 113 1599 900 1680; baseline -0.003 -18"><span class='ocrx_word' id='word_1_123' title='bbox 113 1601 229 1662; x_wconf 79' lang='grc' dir='ltr'><em>λεόσαντα</em></span> <span class='ocrx_word' id='word_1_124' title='bbox 249 1609 311 1680; x_wconf 85' lang='grc' dir='ltr'><em>μίαν</em></span> <span class='ocrx_word' id='word_1_125' title='bbox 328 1627 356 1662; x_wconf 82' lang='grc' dir='ltr'><em>τε</em></span> <span class='ocrx_word' id='word_1_126' title='bbox 371 1629 415 1662; x_wconf 92' lang='grc' dir='ltr'><em>και</em></span> <span class='ocrx_word' id='word_1_127' title='bbox 432 1599 622 1680; x_wconf 75' lang='grc' dir='ltr'><em>τεσσεράκοντα</em></span> <span class='ocrx_word' id='word_1_128' title='bbox 636 1626 680 1659; x_wconf 90' lang='grc' dir='ltr'><em>και</em></span> <span class='ocrx_word' id='word_1_129' title='bbox 671 1600 869 1680; x_wconf 81' lang='grc' dir='ltr'><em>τριηκοσίας’</em></span> <span class='ocrx_word' id='word_1_130' title='bbox 855 1625 900 1660; x_wconf 87' lang='grc' dir='ltr'><em>αν-</em></span> 
     </span>
     <span class='ocr_line' id='line_1_18' title="bbox 113 1683 942 1765; baseline 0 -21"><span class='ocrx_word' id='word_1_131' title='bbox 113 1686 221 1764; x_wconf 73' lang='grc' dir='ltr'><em>θρώπων</em></span> <span class='ocrx_word' id='word_1_132' title='bbox 233 1685 323 1765; x_wconf 83' lang='grc' dir='ltr'><em>γενείις</em></span> <span class='ocrx_word' id='word_1_133' title='bbox 336 1691 486 1763; x_wconf 85' lang='grc' dir='ltr'><em>γενομένας,</em></span> <span class='ocrx_word' id='word_1_134' title='bbox 504 1687 549 1744; x_wconf 72' lang='grc' dir='ltr'><em>καί</em></span> <span class='ocrx_word' id='word_1_135' title='bbox 560 1691 586 1748; x_wconf 80' lang='grc' dir='ltr'><em>ἐν</em></span> <span class='ocrx_word' id='word_1_136' title='bbox 599 1683 711 1763; x_wconf 76' lang='grc' dir='ltr'><em>ταύτῃσι</em></span> <span class='ocrx_word' id='word_1_137' title='bbox 725 1685 845 1764; x_wconf 81' lang='grc' dir='ltr'><em>ἇρχιρέας</em></span> <span class='ocrx_word' id='word_1_138' title='bbox 858 1687 903 1744; x_wconf 79' lang='grc' dir='ltr'><em>καλ</em></span> <span class='ocrx_word' id='word_1_139' title='bbox 937 1705 942 1716; x_wconf 93' lang='grc'><strong>’</strong></span> 
     </span>
     <span class='ocr_line' id='line_1_19' title="bbox 114 1767 900 1847; baseline 0 -21"><span class='ocrx_word' id='word_1_140' title='bbox 114 1771 224 1842; x_wconf 74' lang='grc' dir='ltr'><em>βασιλέας</em></span> <span class='ocrx_word' id='word_1_141' title='bbox 241 1771 376 1847; x_wconf 79' lang='grc' dir='ltr'><em>ἑκατέρους</em></span> <span class='ocrx_word' id='word_1_142' title='bbox 393 1767 534 1834; x_wconf 74' lang='grc' dir='ltr'><em>τοσούτους</em></span> <span class='ocrx_word' id='word_1_143' title='bbox 547 1773 705 1846; x_wconf 87' lang='grc' dir='ltr'><em>γενομένους.</em></span> <span class='ocrx_word' id='word_1_144' title='bbox 733 1774 817 1829; x_wconf 89' lang='grc' dir='ltr'><em>καίτοι</em></span> <span class='ocrx_word' id='word_1_145' title='bbox 829 1793 900 1846; x_wconf 89' lang='grc' dir='ltr'><em>τριη-</em></span> 
     </span>
     <span class='ocr_line' id='line_1_20' title="bbox 113 1850 904 1932; baseline 0 -24"><span class='ocrx_word' id='word_1_146' title='bbox 113 1851 190 1912; x_wconf 86' lang='grc' dir='ltr'><em>κόσιαι</em></span> <span class='ocrx_word' id='word_1_147' title='bbox 205 1857 253 1932; x_wconf 80' lang='grc' dir='ltr'><em>μέν</em></span> <span class='ocrx_word' id='word_1_148' title='bbox 271 1852 371 1930; x_wconf 80' lang='grc' dir='ltr'><em>ἆνδρῶν</em></span> <span class='ocrx_word' id='word_1_149' title='bbox 388 1854 475 1929; x_wconf 80' lang='grc' dir='ltr'><em>γενεαὶ</em></span> <span class='ocrx_word' id='word_1_150' title='bbox 493 1855 613 1910; x_wconf 77' lang='grc' dir='ltr'><em>δυνέαται</em></span> <span class='ocrx_word' id='word_1_151' title='bbox 625 1850 705 1930; x_wconf 86' lang='grc' dir='ltr'><em>μόρια</em></span> <span class='ocrx_word' id='word_1_152' title='bbox 719 1854 788 1911; x_wconf 78' lang='grc' dir='ltr'><em>έτεα·</em></span> <span class='ocrx_word' id='word_1_153' title='bbox 815 1853 904 1930; x_wconf 70' lang='grc' dir='ltr'><em>γενεαὶ</em></span> 
     </span>
     <span class='ocr_line' id='line_1_21' title="bbox 113 1933 902 2016; baseline 0 -22"><span class='ocrx_word' id='word_1_154' title='bbox 113 1935 156 2014; x_wconf 78' lang='grc' dir='ltr'><em>γὰρ</em></span> <span class='ocrx_word' id='word_1_155' title='bbox 172 1945 239 2016; x_wconf 74' lang='grc' dir='ltr'><em>τρεῖς</em></span> <span class='ocrx_word' id='word_1_156' title='bbox 259 1935 359 2014; x_wconf 78' lang='grc' dir='ltr'><em>ἀνδρῶν</em></span> <span class='ocrx_word' id='word_1_157' title='bbox 376 1933 467 1994; x_wconf 76' lang='grc' dir='ltr'><em>ἑκατὸν</em></span> <span class='ocrx_word' id='word_1_158' title='bbox 481 1933 539 1994; x_wconf 70' lang='grc' dir='ltr'><em>ἔνιά</em></span> <span class='ocrx_word' id='word_1_159' title='bbox 553 1941 613 1993; x_wconf 79' lang='grc' dir='ltr'><em>ἐστι.</em></span> <span class='ocrx_word' id='word_1_160' title='bbox 641 1936 701 2012; x_wconf 73' lang='grc' dir='ltr'><em>μιῆς</em></span> <span class='ocrx_word' id='word_1_161' title='bbox 714 1937 742 1993; x_wconf 85' lang='grc' dir='ltr'><em>δέ</em></span> <span class='ocrx_word' id='word_1_162' title='bbox 754 1938 798 1994; x_wconf 79' lang='grc' dir='ltr'><em>καὶ</em></span> <span class='ocrx_word' id='word_1_163' title='bbox 811 1959 902 1994; x_wconf 86' lang='grc' dir='ltr'><em>τεσσε-</em></span> 
     </span>
     <span class='ocr_line' id='line_1_22' title="bbox 113 2018 904 2120; baseline -0.003 -42"><span class='ocrx_word' id='word_1_164' title='bbox 113 2018 216 2094; x_wconf 84' lang='grc' dir='ltr'><em>ρέκοντα</em></span> <span class='ocrx_word' id='word_1_165' title='bbox 238 2023 276 2078; x_wconf 75' lang='grc' dir='ltr'><em>ἔτι</em></span> <span class='ocrx_word' id='word_1_166' title='bbox 296 2021 348 2077; x_wconf 77' lang='grc' dir='ltr'><em>τῶν</em></span> <span class='ocrx_word' id='word_1_167' title='bbox 370 2021 506 2120; x_wconf 78' lang='grc' dir='ltr'><em>έπιλοίπριν</em></span> <span class='ocrx_word' id='word_1_168' title='bbox 527 2023 644 2096; x_wconf 80' lang='grc' dir='ltr'><em>γενεέων,</em></span> <span class='ocrx_word' id='word_1_169' title='bbox 673 2043 703 2076; x_wconf 90' lang='grc' dir='ltr'><em>αι</em></span> <span class='ocrx_word' id='word_1_170' title='bbox 723 2019 825 2092; x_wconf 80' lang='grc' dir='ltr'><em>έττίησαν</em></span> <span class='ocrx_word' id='word_1_171' title='bbox 842 2019 904 2095; x_wconf 83' lang='grc' dir='ltr'><em>τῆσι</em></span> 
     </span>
     <span class='ocr_line' id='line_1_23' title="bbox 114 2099 904 2180; baseline -0.003 -19.969"><span class='ocrx_word' id='word_1_172' title='bbox 114 2108 276 2180; x_wconf 80' lang='grc' dir='ltr'><em>τριηκοσίῃσι,</em></span> <span class='ocrx_word' id='word_1_173' title='bbox 299 2103 355 2161; x_wconf 72' lang='grc' dir='ltr'><em>ἔστι</em></span> <span class='ocrx_word' id='word_1_174' title='bbox 367 2099 559 2178; x_wconf 77' lang='grc' dir='ltr'><em>τεσσεράκοντα</em></span> <span class='ocrx_word' id='word_1_175' title='bbox 573 2105 617 2160; x_wconf 90' lang='grc' dir='ltr'><em>και</em></span> <span class='ocrx_word' id='word_1_176' title='bbox 629 2099 765 2180; x_wconf 84' lang='grc' dir='ltr'><em>τριηκόσια</em></span> <span class='ocrx_word' id='word_1_177' title='bbox 779 2127 823 2159; x_wconf 87' lang='grc' dir='ltr'><em>και</em></span> <span class='ocrx_word' id='word_1_178' title='bbox 813 2103 904 2175; x_wconf 88' lang='grc' dir='ltr'><em>χίλια</em></span> 
     </span>
     <span class='ocr_line' id='line_1_24' title="bbox 114 2179 921 2262; baseline -0.002 -19.998"><span class='ocrx_word' id='word_1_179' title='bbox 114 2185 169 2244; x_wconf 75' lang='grc' dir='ltr'><em>ἔτεα.</em></span> <span class='ocrx_word' id='word_1_180' title='bbox 196 2185 264 2248; x_wconf 66' lang='grc' dir='ltr'><em>οὕτω</em></span> <span class='ocrx_word' id='word_1_181' title='bbox 287 2191 314 2244; x_wconf 81' lang='grc' dir='ltr'><em>έν</em></span> <span class='ocrx_word' id='word_1_182' title='bbox 334 2189 449 2262; x_wconf 89' lang='grc' dir='ltr'><em>μυρίοισί</em></span> <span class='ocrx_word' id='word_1_183' title='bbox 468 2209 496 2244; x_wconf 87' lang='grc' dir='ltr'><em>τε</em></span> <span class='ocrx_word' id='word_1_184' title='bbox 514 2187 581 2246; x_wconf 85' lang='grc' dir='ltr'><em>έτεσι</em></span> <span class='ocrx_word' id='word_1_185' title='bbox 597 2211 642 2244; x_wconf 87' lang='grc' dir='ltr'><em>και</em></span> <span class='ocrx_word' id='word_1_186' title='bbox 632 2187 760 2260; x_wconf 85' lang='grc' dir='ltr'><em>χιλίοισι</em></span> <span class='ocrx_word' id='word_1_187' title='bbox 777 2208 822 2241; x_wconf 87' lang='grc' dir='ltr'><em>και</em></span> <span class='ocrx_word' id='word_1_188' title='bbox 812 2179 921 2260; x_wconf 79' lang='grc' dir='ltr'><em>πρὸς</em></span> 
     </span>
     <span class='ocr_line' id='line_1_25' title="bbox 113 2263 901 2349; baseline -0.009 -18"><span class='ocrx_word' id='word_1_189' title='bbox 113 2273 271 2345; x_wconf 72' lang='grc' dir='ltr'><em>τριηκοσίοισί</em></span> <span class='ocrx_word' id='word_1_190' title='bbox 286 2291 315 2327; x_wconf 85' lang='grc' dir='ltr'><em>τε</em></span> <span class='ocrx_word' id='word_1_191' title='bbox 332 2271 376 2328; x_wconf 79' lang='grc' dir='ltr'><em>καλ</em></span> <span class='ocrx_word' id='word_1_192' title='bbox 394 2267 585 2349; x_wconf 72' lang='grc' dir='ltr'><em>τεσσεράκοντα</em></span> <span class='ocrx_word' id='word_1_193' title='bbox 603 2295 614 2328; x_wconf 86' lang='grc' dir='ltr'><em>ε</em></span> <span class='ocrx_word' id='word_1_194' title='bbox 660 2291 690 2328; x_wconf 91' lang='grc' dir='ltr'><em>ον</em></span> <span class='ocrx_word' id='word_1_195' title='bbox 707 2263 777 2325; x_wconf 77' lang='grc' dir='ltr'><em>θεὸν</em></span> <span class='ocrx_word' id='word_1_196' title='bbox 795 2263 901 2342; x_wconf 76' lang='grc' dir='ltr'><em>ἂνθρω-</em></span> 
     </span>
     <span class='ocr_line' id='line_1_26' title="bbox 113 2346 903 2432; baseline -0.004 -23"><span class='ocrx_word' id='word_1_197' title='bbox 113 2357 207 2414; x_wconf 84' lang='grc' dir='ltr'><em>ποαδέα</em></span> <span class='ocrx_word' id='word_1_198' title='bbox 220 2351 314 2414; x_wconf 84' lang='grc' dir='ltr'><em>ουδένα</em></span> <span class='ocrx_word' id='word_1_199' title='bbox 328 2357 468 2431; x_wconf 74' lang='grc' dir='ltr'><em>γενέσθαι</em></span> <span class='ocrx_word' id='word_1_200' title='bbox 497 2351 529 2413; x_wconf 77' lang='grc' dir='ltr'><em>οὗ</em></span> <span class='ocrx_word' id='word_1_201' title='bbox 545 2357 591 2432; x_wconf 92' lang='grc' dir='ltr'><em>μέν</em></span> <span class='ocrx_word' id='word_1_202' title='bbox 609 2351 669 2412; x_wconf 77' lang='grc' dir='ltr'><em>ουδὲ</em></span> <span class='ocrx_word' id='word_1_203' title='bbox 683 2348 822 2428; x_wconf 90' lang='grc' dir='ltr'><em>πρότερον,</em></span> <span class='ocrx_word' id='word_1_204' title='bbox 845 2346 903 2407; x_wconf 80' lang='grc' dir='ltr'><em>οὗδι</em></span> 
     </span>
     <span class='ocr_line' id='line_1_27' title="bbox 113 2431 901 2533; baseline -0.008 -37"><span class='ocrx_word' id='word_1_205' title='bbox 113 2433 211 2516; x_wconf 64' lang='grc' dir='ltr'><em>ὕστερον</em></span> <span class='ocrx_word' id='word_1_206' title='bbox 224 2444 252 2496; x_wconf 82' lang='grc' dir='ltr'><em>έν</em></span> <span class='ocrx_word' id='word_1_207' title='bbox 265 2461 334 2497; x_wconf 90' lang='grc' dir='ltr'><em>τοισι</em></span> <span class='ocrx_word' id='word_1_208' title='bbox 347 2437 515 2498; x_wconf 69' lang='grc' dir='ltr'><em>ὑπολοίποισι</em></span> <span class='ocrx_word' id='word_1_209' title='bbox 528 2434 666 2515; x_wconf 78' lang='grc' dir='ltr'><em>Αιγίιπτου</em></span> <span class='ocrx_word' id='word_1_210' title='bbox 680 2431 815 2510; x_wconf 69' lang='grc' dir='ltr'><em>βασιλοῧσι</em></span> <span class='ocrx_word' id='word_1_211' title='bbox 827 2454 901 2533; x_wconf 84' lang='grc' dir='ltr'><em>γενρ-</em></span> 
     </span>
     <span class='ocr_line' id='line_1_28' title="bbox 114 2513 965 2614; baseline -0.007 -35"><span class='ocrx_word' id='word_1_212' title='bbox 114 2525 201 2582; x_wconf 79' lang='grc' dir='ltr'><em>ιιένοισι</em></span> <span class='ocrx_word' id='word_1_213' title='bbox 213 2523 303 2598; x_wconf 74' lang='grc' dir='ltr'><em>ἔλεγον</em></span> <span class='ocrx_word' id='word_1_214' title='bbox 314 2545 432 2581; x_wconf 79' lang='grc' dir='ltr'><em>τοιουτου</em></span> <span class='ocrx_word' id='word_1_215' title='bbox 446 2519 526 2580; x_wconf 89' lang='grc' dir='ltr'><em>ουδέν.</em></span> <span class='ocrx_word' id='word_1_216' title='bbox 555 2527 582 2578; x_wconf 84' lang='grc' dir='ltr'><em>έν</em></span> <span class='ocrx_word' id='word_1_217' title='bbox 595 2524 681 2578; x_wconf 89' lang='grc' dir='ltr'><em>τοίνυν</em></span> <span class='ocrx_word' id='word_1_218' title='bbox 694 2515 777 2592; x_wconf 77' lang='grc' dir='ltr'><em>τούτῳ</em></span> <span class='ocrx_word' id='word_1_219' title='bbox 790 2515 827 2574; x_wconf 83' lang='grc' dir='ltr'><em>τῶ</em></span> <span class='ocrx_word' id='word_1_220' title='bbox 812 2513 905 2614; x_wconf 88' lang='grc' dir='ltr'><em>χρό</em></span> <span class='ocrx_word' id='word_1_221' title='bbox 961 2523 965 2530; x_wconf 81' lang='grc'><strong>“</strong></span> 
     </span>
     <span class='ocr_line' id='line_1_29' title="bbox 113 2574 905 2682; baseline -0.01 -21"><span class='ocrx_word' id='word_1_222' title='bbox 113 2626 140 2661; x_wconf 86' lang='grc' dir='ltr'><em>ιο</em></span> <span class='ocrx_word' id='word_1_223' title='bbox 129 2603 265 2682; x_wconf 78' lang='grc' dir='ltr'><em>τετράκις</em></span> <span class='ocrx_word' id='word_1_224' title='bbox 279 2607 365 2680; x_wconf 71' lang='grc' dir='ltr'><em>ἔλεγον</em></span> <span class='ocrx_word' id='word_1_225' title='bbox 383 2604 511 2678; x_wconf 79' lang='grc' dir='ltr'><em>έξηθέων</em></span> <span class='ocrx_word' id='word_1_226' title='bbox 522 2601 569 2663; x_wconf 89' lang='grc' dir='ltr'><em>τόν</em></span> <span class='ocrx_word' id='word_1_227' title='bbox 581 2601 653 2676; x_wconf 86' lang='grc' dir='ltr'><em>ηλιον</em></span> <span class='ocrx_word' id='word_1_228' title='bbox 668 2574 810 2659; x_wconf 78' lang='grc' dir='ltr'><em>ἂνατεῖλαι·</em></span> <span class='ocrx_word' id='word_1_229' title='bbox 834 2592 905 2656; x_wconf 80' lang='grc' dir='ltr'><em>’ένθᾶ</em></span> 
     </span>
     <span class='ocr_line' id='line_1_30' title="bbox 114 2682 905 2756; baseline -0.011 -12"><span class='ocrx_word' id='word_1_230' title='bbox 114 2711 135 2746; x_wconf 84' lang='grc' dir='ltr'><em>τε</em></span> <span class='ocrx_word' id='word_1_231' title='bbox 145 2712 188 2748; x_wconf 88' lang='grc' dir='ltr'><em>νον</em></span> <span class='ocrx_word' id='word_1_232' title='bbox 201 2685 370 2756; x_wconf 80' lang='grc' dir='ltr'><em>καταδῦεται,</em></span> <span class='ocrx_word' id='word_1_233' title='bbox 394 2689 514 2746; x_wconf 69' lang='grc' dir='ltr'><em>ένθιόιεν</em></span> <span class='ocrx_word' id='word_1_234' title='bbox 534 2689 572 2753; x_wconf 83' lang='grc' dir='ltr'><em>δὶς</em></span> <span class='ocrx_word' id='word_1_235' title='bbox 589 2689 748 2752; x_wconf 72' lang='grc' dir='ltr'><em>ἐπαντεῖλαι,</em></span> <span class='ocrx_word' id='word_1_236' title='bbox 770 2707 815 2740; x_wconf 88' lang='grc' dir='ltr'><em>και</em></span> <span class='ocrx_word' id='word_1_237' title='bbox 803 2682 905 2738; x_wconf 77' lang='grc' dir='ltr'><em>ἔνθεν</em></span> 
     </span>
     <span class='ocr_line' id='line_1_31' title="bbox 114 2759 906 2842; baseline -0.011 -13"><span class='ocrx_word' id='word_1_238' title='bbox 114 2773 151 2829; x_wconf 80' lang='grc' dir='ltr'><em>νῖν</em></span> <span class='ocrx_word' id='word_1_239' title='bbox 169 2770 307 2842; x_wconf 69' lang='grc' dir='ltr'><em>ἀνατέλλοι,</em></span> <span class='ocrx_word' id='word_1_240' title='bbox 335 2774 453 2832; x_wconf 74' lang='grc' dir='ltr'><em>ένθαίπα</em></span> <span class='ocrx_word' id='word_1_241' title='bbox 473 2773 511 2838; x_wconf 77' lang='grc' dir='ltr'><em>δίς</em></span> <span class='ocrx_word' id='word_1_242' title='bbox 525 2769 681 2839; x_wconf 72' lang='grc' dir='ltr'><em>καταδῦναι·</em></span> <span class='ocrx_word' id='word_1_243' title='bbox 709 2767 754 2836; x_wconf 77' lang='grc' dir='ltr'><em>καὶ</em></span> <span class='ocrx_word' id='word_1_244' title='bbox 768 2761 842 2823; x_wconf 80' lang='grc' dir='ltr'><em>ουδίν</em></span> <span class='ocrx_word' id='word_1_245' title='bbox 855 2759 906 2816; x_wconf 76' lang='grc' dir='ltr'><em>τῶν</em></span> 
     </span>
    </p>
   </div>
   <div class='ocr_carea' id='block_1_3' title="bbox 0 0 1113 3010">
    <p class='ocr_par' dir='ltr' id='par_1_4' title="bbox 0 0 1113 3010">
     <span class='ocr_line' id='line_1_32' title="bbox 0 0 1113 3010; baseline 0 0"><span class='ocrx_word' id='word_1_246' title='bbox 0 0 1113 3010; x_wconf 95' lang='lat' dir='ltr'><em> </em></span> 
     </span>
    </p>
   </div>
  </div>
 </body>
</html>
