2010 2922
162 242 163 246 χ
236 187 309 234 ιιι
331 143 379 235 16
409 184 614 236 σιαιιι-
626 185 684 239 ιιι
827 187 860 242 ιι

5 325 6 330 =
62 287 131 368 αι’πη
116 285 224 358 εἶναι,
243 290 313 349 6
282 313 327 362 της
340 315 369 348 αι
360 291 513 368 επαρθένοι
528 294 582 350 τῶν
591 298 730 394 ἐπιχωρίων
742 301 859 398 πτεροῖσι

5 391 7 394 ·
61 371 181 450 ἀρνίθων
197 377 368 472 κεχριμένοισι
387 379 471 477 πίσρη
493 375 560 432 ἐκ
531 399 575 446 της
596 374 664 441 ιλάος
680 377 775 453 ψίιχμα
793 376 856 436 ἀνα-

63 459 174 532 φέρουσι
184 454 293 530 χρυσοῧ.
320 455 403 514 ταάτα
421 457 443 514 εί
459 461 505 532 μέν
523 464 576 516 ἐστι
573 455 759 558 ἀληθέως’
730 483 777 518 οιικ
789 458 856 528 οίδα,

61 535 93 594 τά
110 539 141 594 δέ
157 541 258 612 λέγεται
274 535 379 644 γράφω·
400 543 439 610 ειη
456 537 516 596 6
498 562 531 598 αν
547 539 612 609 πάν,
635 537 697 599 ὅκου
708 564 753 598 και
743 541 791 600 ἐν
803 553 854 600 Ζα
890 577 893 585 ·

59 616 181 720 κάνθρ’
167 642 194 676 εκ
206 623 291 694 λίμνης
304 643 347 678 ιιαι
339 617 453 686 ι’ίδατος
464 626 565 680 πίσσαν
578 620 770 724 ἀναφερσμενην
779 621 857 690 αιίτὸς

58 699 110 803 ἐρέι
125 699 213 777 ὥριον.
240 703 290 760 εἶσὶ
301 707 348 778 μέν
358 726 402 760 και
393 704 516 770 πλεῦνες
529 729 558 762 αι
549 706 655 780 λίμναι
668 702 812 806 ροτάθι,
797 730 814 776 η
826 704 853 763 δ

57 787 95 841 ἀν
107 781 263 882 μεχίστη’
231 788 328 842 αοτέων
345 783 518 884 ἐβδομήκοντα
535 786 624 844 ποδῶν
640 785 739 864 πάντη,
765 785 855 862 βάθος

57 869 85 924 δέ
99 863 259 972 διρρχυιάς’
245 889 309 924 εστι
332 873 357 934 ἐς
369 865 465 939 ταύτην
477 867 568 928 κοντὸν
584 877 703 938 κατιεῖσι,
726 866 803 928 66³⁴
784 893 854 947 ακρῳ

56 951 184 1053 μρρσίνην
196 947 399 1026 προσδήσαντες,
413 953 456 1008 καὶ
469 953 556 1008 έιιειτα
570 947 730 1051 ἀνρφέρσυσί
742 952 774 1027 τῇ
787 975 851 1030 μορ

58 1035 117 1106 σίνῃ
131 1034 243 1099 πίσσαν,
262 1029 342 1108 ὀδμὴν
358 1037 404 1133 μὲν
417 1034 529 1104 ἔχουσαν
542 1031 686 1106 ἀσφάλτου,
699 1057 734 1090 ια
722 1031 772 1090 6
788 1032 853 1091 ἀλλα

55 1114 101 1185 τῆς
115 1114 237 1189 Πιερικῆς
249 1119 345 1214 πίσσης
357 1112 461 1190 ἀμείνω·
474 1118 591 1187 ἐσχέουσι
604 1116 658 1171 δέ’
644 1137 668 1180 ες
681 1111 798 1172 λάκκον
786 1137 851 1192 ορω-

56 1199 185 1273 ροχμένσν
207 1193 289 1272 ἇχχοῦ
310 1197 356 1268 τῆς
372 1201 468 1302 λίμνης·
495 1194 573 1254 ἐπεάν
591 1197 618 1252 δέ
636 1193 788 1272 ἀθροίσωσι
805 1219 851 1256 συ-

55 1277 128 1350 χνὴν,
147 1275 213 1336 οίιιω
226 1285 251 1344 ἐς
263 1276 324 1344 τοὺς
330 1277 470 1386 ἀμφορέας
485 1285 512 1336 ἐκ
524 1301 571 1337 τοο
558 1275 678 1336 λάκκου
684 1282 852 1384 κατρχέουσι.
904 1351 911 1361 ⁸

57 1357 185 1418 366²*
165 1383 199 1417 αν
211 1365 307 1436 ισπεση
326 1367 351 1427 ἐς
367 1359 414 1433 τὴν
431 1359 566 1464 λίμνην,ε
552 1357 605 1418 οπό
622 1381 672 1435 μην
684 1382 725 1420 ιον
738 1358 850 1434 ἀναφαί-

57 1467 129 1501 νιται
146 1448 173 1500 ἐν
188 1443 219 1520 τῆ
237 1441 380 1520 θαλάσση·
392 1441 497 1515 666
483 1447 570 1516 απέχει
587 1440 622 1508 ὦς
617 1446 744 1542 τέσφιιρα
758 1440 852 1502 στάδια

56 1523 112 1584 ἀπὸ
127 1548 172 1596 της
183 1530 275 1600 λιμνης
298 1523 366 1628 ρέτω
379 1549 415 1584 ων
427 1527 472 1583 και
485 1525 518 1584 τά
533 1523 586 1584 ἀπὸ
599 1547 644 1596 της
656 1547 739 1597 νησου
752 1527 797 1598 τῆς
811 1528 853 1584 ἐπί

55 1605 145 1682 Λιβύη
158 1612 268 1682 κειμένης
282 1607 370 1667 οἰκότα
384 1610 438 1666 ἐστί
451 1607 570 1685 ἀληθείη,

118 1695 179 1747 196.
200 1695 316 1766 Λέγουσι
333 1693 361 1748 δέ
376 1715 420 1749 και
410 1689 499 1748 τάδε
512 1688 764 1767 Καρχηδόνιοι,εν
726 1685 837 1748 εἶναι
807 1712 852 1760 της

55 1770 202 1846 Λιβάης
164 1769 252 1848 χωράν
264 1795 292 1830 τι
304 1796 348 1830 και
339 1770 514 1850 ἀνθρώποος
522 1775 569 1840 ἐξω
575 1773 734 1849 Ηρακληίων
743 1776 851 1842 στηλέων

54 1859 262 1931 κατοικημένους,
286 1860 310 1920 ἐς
325 1853 386 1920 τοὺς
403 1853 480 1914 ἐπεάν
499 1854 646 1914 ἀπίκωνται·
659 1857 703 1912 καί
720 1858 852 1920 ἐξέλωνται

57 1935 88 1994 τά
102 1941 212 2014 φορτία,
239 1940 330 2002 θέντες
348 1935 415 1995 αάτά
433 1938 523 2009 ἐπεξῆς
540 1935 615 2013 παρὰ
633 1934 679 2006 τὴν
692 1934 849 2010 κυματωγὴν,

54 2019 176 2094 ἐσβάντες
188 2025 213 2084 ἐς
225 2016 259 2076 τά
272 2025 351 2077 πλοῖα
361 2017 450 2092 τάφων
462 2017 574 2078 καπνόν·
594 2016 654 2083 τοὺς
666 2015 690 2080 δ’
702 2021 850 2092 ἐπιχωρίους

53 2105 186 2176 ἰδομένους
198 2103 245 2159 τὸν
257 2100 356 2160 καπνὸν
369 2103 433 2160 ίέναι
446 2104 487 2159 ἐπί
504 2099 550 2173 τὴν
561 2098 708 2158 θάλασσαν
723 2101 767 2156 καί
780 2101 867 2156 ἐπει--

53 2209 87 2242 τα
106 2182 164 2241 ἀντὶ
181 2183 231 2240 τῶν
249 2189 368 2290 φορτίων
376 2183 476 2260 χρυσὸν
493 2187 596 2241 τιθέναι
613 2184 657 2239 καί
670 2184 849 2279 ἐξαναχωρέειν

53 2263 147 2343 πρόσω
162 2263 214 2324 ἀπὸ
228 2266 279 2324 τῶν
291 2271 409 2343 φορτίων.
437 2264 496 2332 τοίις
510 2268 537 2324 δέ
548 2265 833 2340 Καρχηδονίοοςαν
757 2261 846 2337 ἐκβάν-

52 2372 100 2414 τας
114 2353 291 2418 σκέπτεσθαι,
312 2351 357 2407 καὶ
373 2347 405 2420 ἣν
415 2353 461 2424 μέν
474 2353 597 2448 φρίνηταί
610 2370 658 2420 σφι
672 2343 771 2413 ἀξιος
758 2369 846 2420 οχρτ-

54 2455 102 2498 σας
114 2453 167 2488 των
180 2435 299 2505 φορτίων,
320 2429 473 2506 ἀπολάμπει
487 2428 711 2496 ἀπαλλάσσονται,
729 2426 762 2498 ἢν
775 2426 844 2485 66
814 2450 849 2504 μη

54 2512 158 2581 άξιος,
168 2511 321 2587 ἐσβάντες’
310 2517 393 2572 οπίσω
415 2519 446 2578 ἐς.
462 2511 495 2570 τὰ
516 2518 594 2572 πλοῖα
617 2515 749 2610 κατέαται,
776 2534 802 2568 οι
793 2511 850 2566 66

53 2593 248 2671 προσελθόντες
267 2594 343 2659 ἀλλον
360 2594 426 2672 πρὸς
443 2585 478 2654 ἀν
491 2597 591 2668 ἔθηκαν
602 2591 712 2672 χρυσὸν,
735 2595 801 2658 λς’
773 2581 805 2651 06
816 2587 850 2647 ἀν

55 2683 178 2746 πείθωσι
206 2676 314 2740 ἀδικέειν
326 2683 354 2756 δέ
367 2677 524 2756 οὐδετέρους·
547 2675 605 2738 οδτε
621 2674 673 2754 μὰρ
692 2672 785 2741 αιίτοίις
802 2671 850 2734 τοῦ
