<?xml version="1.0" encoding="UTF-8"?>
<!DOCTYPE html PUBLIC "-//W3C//DTD XHTML 1.0 Transitional//EN"
    "http://www.w3.org/TR/xhtml1/DTD/xhtml1-transitional.dtd">
<html xmlns="http://www.w3.org/1999/xhtml" xml:lang="en" lang="en">
 <head>
  <title>
</title>
<meta http-equiv="Content-Type" content="text/html;charset=utf-8" />
  <meta name='ocr-system' content='tesseract 3.04.00' />
  <meta name='ocr-capabilities' content='ocr_page ocr_carea ocr_par ocr_line ocrx_word'/>
</head>
<body>
  <div class='ocr_page' id='page_1' title='image "./herodotihistori08herogoog_0313.png"; bbox 0 0 2014 3030; ppageno 0'>
   <div class='ocr_carea' id='block_1_1' title="bbox 129 103 631 156">
    <p class='ocr_par' dir='ltr' id='par_1_1' title="bbox 129 103 631 156">
     <span class='ocr_line' id='line_1_1' title="bbox 129 103 631 156; baseline -0.014 -1"><span class='ocrx_word' id='word_1_1' title='bbox 129 103 178 156; x_wconf 68' lang='lat'><strong><em>264</em></strong></span> <span class='ocrx_word' id='word_1_2' title='bbox 428 103 631 150; x_wconf 83' lang='lat' dir='ltr'>HERODOTI</span> 
     </span>
    </p>
   </div>
   <div class='ocr_carea' id='block_1_2' title="bbox 110 203 1002 776">
    <p class='ocr_par' dir='ltr' id='par_1_2' title="bbox 110 203 1002 451">
     <span class='ocr_line' id='line_1_2' title="bbox 128 203 1002 306; baseline -0.001 -37"><span class='ocrx_word' id='word_1_3' title='bbox 128 213 159 287; x_wconf 77' lang='grc' dir='ltr'><strong><em>τῇ</em></strong></span> <span class='ocrx_word' id='word_1_4' title='bbox 176 213 292 284; x_wconf 78' lang='grc' dir='ltr'><strong><em>Σαμίων</em></strong></span> <span class='ocrx_word' id='word_1_5' title='bbox 318 213 394 284; x_wconf 84' lang='grc' dir='ltr'><strong><em>τρίτῳ</em></strong></span> <span class='ocrx_word' id='word_1_6' title='bbox 412 205 505 265; x_wconf 78' lang='grc' dir='ltr'><strong><em>δίεπ’</em></strong></span> <span class='ocrx_word' id='word_1_7' title='bbox 519 205 621 283; x_wconf 80' lang='grc' dir='ltr'><strong><em>Ἀρχίεω</em></strong></span> <span class='ocrx_word' id='word_1_8' title='bbox 634 203 731 265; x_wconf 79' lang='grc' dir='ltr'><strong><em>τούτου</em></strong></span> <span class='ocrx_word' id='word_1_9' title='bbox 744 205 871 306; x_wconf 79' lang='grc' dir='ltr'><strong><em>γεγονότι</em></strong></span> <span class='ocrx_word' id='word_1_10' title='bbox 892 208 957 270; x_wconf 67' lang='grc' dir='ltr'><strong><em>ἰάλ-</em></strong></span> <span class='ocrx_word' id='word_1_11' title='bbox 1001 227 1002 230; x_wconf 77' lang='grc'>’</span> 
     </span>
     <span class='ocr_line' id='line_1_3' title="bbox 128 287 954 391; baseline -0.01 -41"><span class='ocrx_word' id='word_1_12' title='bbox 128 291 181 350; x_wconf 78' lang='grc' dir='ltr'><strong><em>λω’</em></strong></span> <span class='ocrx_word' id='word_1_13' title='bbox 179 295 302 368; x_wconf 81' lang='grc' dir='ltr'><strong><em>Αρχίῃ</em></strong></span> <span class='ocrx_word' id='word_1_14' title='bbox 272 290 308 348; x_wconf 73' lang='grc' dir='ltr'><strong><em>τά</em></strong></span> <span class='ocrx_word' id='word_1_15' title='bbox 322 295 423 391; x_wconf 78' lang='grc' dir='ltr'><em>Σαμίου</em></span> <span class='ocrx_word' id='word_1_16' title='bbox 436 293 483 348; x_wconf 77' lang='grc' dir='ltr'><strong><em>του</em></strong></span> <span class='ocrx_word' id='word_1_17' title='bbox 494 288 595 372; x_wconf 76' lang='grc' dir='ltr'><strong><em>Ἀρχίεω</em></strong></span> <span class='ocrx_word' id='word_1_18' title='bbox 609 287 688 354; x_wconf 74' lang='grc' dir='ltr'><strong><em>αυτὸς</em></strong></span> <span class='ocrx_word' id='word_1_19' title='bbox 702 295 728 346; x_wconf 82' lang='grc' dir='ltr'><strong><em>ἒν</em></strong></span> <span class='ocrx_word' id='word_1_20' title='bbox 741 287 849 365; x_wconf 81' lang='grc' dir='ltr'><strong><em>Πιτάνη</em></strong></span> <span class='ocrx_word' id='word_1_21' title='bbox 863 317 954 351; x_wconf 62' lang='grc' dir='ltr'><strong><em>συν-</em></strong></span> 
     </span>
     <span class='ocr_line' id='line_1_4' title="bbox 110 369 951 478; baseline -0.01 -45"><span class='ocrx_word' id='word_1_22' title='bbox 110 435 111 440; x_wconf 61' lang='grc'><strong><em>,</em></strong></span> <span class='ocrx_word' id='word_1_23' title='bbox 128 373 251 451; x_wconf 84' lang='grc' dir='ltr'><strong><em>εγενόμην</em></strong></span> <span class='ocrx_word' id='word_1_24' title='bbox 264 371 403 449; x_wconf 75' lang='grc' dir='ltr'><strong><em>(δήμου</em></strong></span> <span class='ocrx_word' id='word_1_25' title='bbox 372 397 424 449; x_wconf 83' lang='grc' dir='ltr'><strong><em>γαρ</em></strong></span> <span class='ocrx_word' id='word_1_26' title='bbox 436 371 529 432; x_wconf 75' lang='grc' dir='ltr'><strong><em>τούτου</em></strong></span> <span class='ocrx_word' id='word_1_27' title='bbox 542 373 593 478; x_wconf 70' lang='grc' dir='ltr'><strong><em>ην),</em></strong></span> <span class='ocrx_word' id='word_1_28' title='bbox 612 370 640 436; x_wconf 80' lang='grc' dir='ltr'><strong><em>ὃς</em></strong></span> <span class='ocrx_word' id='word_1_29' title='bbox 653 375 740 437; x_wconf 85' lang='grc' dir='ltr'><strong><em>ξείνων</em></strong></span> <span class='ocrx_word' id='word_1_30' title='bbox 752 369 860 429; x_wconf 86' lang='grc' dir='ltr'><strong><em>πάντων</em></strong></span> <span class='ocrx_word' id='word_1_31' title='bbox 875 375 951 449; x_wconf 77' lang='grc' dir='ltr'><strong><em>μά.</em></strong></span> 
     </span>
    </p>

    <p class='ocr_par' dir='ltr' id='par_1_3' title="bbox 128 453 953 776">
     <span class='ocr_line' id='line_1_5' title="bbox 128 453 953 531; baseline -0.001 -17"><span class='ocrx_word' id='word_1_32' title='bbox 128 463 233 516; x_wconf 77' lang='grc' dir='ltr'><strong><em>λιστα’</em></strong></span> <span class='ocrx_word' id='word_1_33' title='bbox 221 461 292 531; x_wconf 87' lang='grc' dir='ltr'><strong><em>ιτίμα</em></strong></span> <span class='ocrx_word' id='word_1_34' title='bbox 310 479 337 514; x_wconf 86' lang='grc' dir='ltr'><strong><em>τε</em></strong></span> <span class='ocrx_word' id='word_1_35' title='bbox 354 459 480 530; x_wconf 80' lang='grc' dir='ltr'><strong><em>Σαμίους,</em></strong></span> <span class='ocrx_word' id='word_1_36' title='bbox 505 459 550 511; x_wconf 89' lang='grc' dir='ltr'><strong><em>καί</em></strong></span> <span class='ocrx_word' id='word_1_37' title='bbox 567 457 592 512; x_wconf 79' lang='grc' dir='ltr'><strong><em>οἱ</em></strong></span> <span class='ocrx_word' id='word_1_38' title='bbox 609 455 644 528; x_wconf 73' lang='grc' dir='ltr'><strong><em>τῷ</em></strong></span> <span class='ocrx_word' id='word_1_39' title='bbox 661 457 741 531; x_wconf 82' lang='grc' dir='ltr'><strong><em>πατρί</em></strong></span> <span class='ocrx_word' id='word_1_40' title='bbox 760 456 808 527; x_wconf 87' lang='grc' dir='ltr'><strong><em>ι’φη</em></strong></span> <span class='ocrx_word' id='word_1_41' title='bbox 822 453 953 531; x_wconf 81' lang='grc' dir='ltr'><strong><em>Σάμιον</em></strong></span> 
     </span>
     <span class='ocr_line' id='line_1_6' title="bbox 128 535 948 616; baseline -0.002 -18"><span class='ocrx_word' id='word_1_42' title='bbox 128 537 243 614; x_wconf 79' lang='grc' dir='ltr'><strong><em>τοόνομα</em></strong></span> <span class='ocrx_word' id='word_1_43' title='bbox 257 537 379 607; x_wconf 70' lang='grc' dir='ltr'><strong><em>τεθῆναι,</em></strong></span> <span class='ocrx_word' id='word_1_44' title='bbox 402 535 441 595; x_wconf 78' lang='grc' dir='ltr'><strong><em>ὅτι</em></strong></span> <span class='ocrx_word' id='word_1_45' title='bbox 455 539 479 593; x_wconf 80' lang='grc' dir='ltr'><strong><em>οἱ</em></strong></span> <span class='ocrx_word' id='word_1_46' title='bbox 494 535 607 612; x_wconf 74' lang='grc' dir='ltr'><strong><em>ὃπατηρ</em></strong></span> <span class='ocrx_word' id='word_1_47' title='bbox 618 535 717 612; x_wconf 80' lang='grc' dir='ltr'><strong><em>Ἀρχίης</em></strong></span> <span class='ocrx_word' id='word_1_48' title='bbox 731 543 757 594; x_wconf 83' lang='grc' dir='ltr'><strong><em>ἐν</em></strong></span> <span class='ocrx_word' id='word_1_49' title='bbox 769 535 853 612; x_wconf 78' lang='grc' dir='ltr'><strong><em>Σάμῳ</em></strong></span> <span class='ocrx_word' id='word_1_50' title='bbox 870 537 948 616; x_wconf 82' lang='grc' dir='ltr'><strong><em>ἆρι-</em></strong></span> 
     </span>
     <span class='ocr_line' id='line_1_7' title="bbox 129 617 947 693; baseline -0.004 -14"><span class='ocrx_word' id='word_1_51' title='bbox 129 620 241 686; x_wconf 84' lang='grc' dir='ltr'><strong><em>σιεάσας</em></strong></span> <span class='ocrx_word' id='word_1_52' title='bbox 255 619 405 691; x_wconf 77' lang='grc' dir='ltr'><strong><em>ὲτελεότησε.</em></strong></span> <span class='ocrx_word' id='word_1_53' title='bbox 427 619 502 693; x_wconf 83' lang='grc' dir='ltr'><strong><em>τιμάν</em></strong></span> <span class='ocrx_word' id='word_1_54' title='bbox 515 621 541 675; x_wconf 85' lang='grc' dir='ltr'><strong><em>δὲ</em></strong></span> <span class='ocrx_word' id='word_1_55' title='bbox 555 623 669 692; x_wconf 89' lang='grc' dir='ltr'><strong><em>Σαμίους</em></strong></span> <span class='ocrx_word' id='word_1_56' title='bbox 684 620 740 692; x_wconf 70' lang='grc' dir='ltr'><strong><em>ἔφη,</em></strong></span> <span class='ocrx_word' id='word_1_57' title='bbox 759 617 826 676; x_wconf 83' lang='grc' dir='ltr'><strong><em>διότι</em></strong></span> <span class='ocrx_word' id='word_1_58' title='bbox 839 624 947 693; x_wconf 82' lang='grc' dir='ltr'><strong><em>ταφῆ-</em></strong></span> 
     </span>
     <span class='ocr_line' id='line_1_8' title="bbox 128 699 710 776; baseline -0.005 -16"><span class='ocrx_word' id='word_1_59' title='bbox 128 709 173 761; x_wconf 90' lang='grc' dir='ltr'><strong><em>ναί</em></strong></span> <span class='ocrx_word' id='word_1_60' title='bbox 186 705 211 762; x_wconf 77' lang='grc' dir='ltr'><strong><em>οἱ</em></strong></span> <span class='ocrx_word' id='word_1_61' title='bbox 224 701 269 760; x_wconf 87' lang='grc' dir='ltr'><strong><em>τὸν</em></strong></span> <span class='ocrx_word' id='word_1_62' title='bbox 282 699 393 759; x_wconf 88' lang='grc' dir='ltr'><strong><em>πάππον</em></strong></span> <span class='ocrx_word' id='word_1_63' title='bbox 406 703 516 776; x_wconf 75' lang='grc' dir='ltr'><strong><em>δημοσίῃ</em></strong></span> <span class='ocrx_word' id='word_1_64' title='bbox 532 699 584 759; x_wconf 75' lang='grc' dir='ltr'><strong><em>ὑπὸ</em></strong></span> <span class='ocrx_word' id='word_1_65' title='bbox 598 705 710 776; x_wconf 83' lang='grc' dir='ltr'><strong><em>Σαμίων.</em></strong></span> 
     </span>
    </p>
   </div>
   <div class='ocr_carea' id='block_1_3' title="bbox 128 813 943 1470">
    <p class='ocr_par' dir='ltr' id='par_1_4' title="bbox 128 813 943 1470">
     <span class='ocr_line' id='line_1_9' title="bbox 167 813 941 893; baseline 0.001 -18"><span class='ocrx_word' id='word_1_66' title='bbox 167 839 170 847; x_wconf 82' lang='grc'><em>“</em></span> <span class='ocrx_word' id='word_1_67' title='bbox 190 825 229 876; x_wconf 88' lang='grc'><strong><em>55.</em></strong></span> <span class='ocrx_word' id='word_1_68' title='bbox 250 813 451 890; x_wconf 87' lang='grc' dir='ltr'><strong><em>Λακεδαιμόνιοι</em></strong></span> <span class='ocrx_word' id='word_1_69' title='bbox 465 819 504 885; x_wconf 70' lang='grc' dir='ltr'><strong><em>δι’,</em></strong></span> <span class='ocrx_word' id='word_1_70' title='bbox 522 814 556 882; x_wconf 75' lang='grc' dir='ltr'><strong><em>ὥς</em></strong></span> <span class='ocrx_word' id='word_1_71' title='bbox 570 840 618 890; x_wconf 91' lang='grc' dir='ltr'><strong><em>σφι</em></strong></span> <span class='ocrx_word' id='word_1_72' title='bbox 629 813 820 893; x_wconf 85' lang='grc' dir='ltr'><strong><em>τεσσεράκοντα</em></strong></span> <span class='ocrx_word' id='word_1_73' title='bbox 833 817 941 892; x_wconf 80' lang='grc' dir='ltr'><strong><em>ἐγεγό-</em></strong></span> 
     </span>
     <span class='ocr_line' id='line_1_10' title="bbox 128 897 943 975; baseline 0 -19"><span class='ocrx_word' id='word_1_74' title='bbox 128 922 207 957; x_wconf 90' lang='grc' dir='ltr'><strong><em>νεσαν</em></strong></span> <span class='ocrx_word' id='word_1_75' title='bbox 220 898 311 975; x_wconf 71' lang='grc' dir='ltr'><strong><em>ἡμέραι</em></strong></span> <span class='ocrx_word' id='word_1_76' title='bbox 322 903 502 974; x_wconf 75' lang='grc' dir='ltr'><strong><em>πολιορκέουσι</em></strong></span> <span class='ocrx_word' id='word_1_77' title='bbox 515 897 612 972; x_wconf 87' lang='grc' dir='ltr'><strong><em>Σάμον,</em></strong></span> <span class='ocrx_word' id='word_1_78' title='bbox 627 905 651 963; x_wconf 80' lang='grc' dir='ltr'><strong><em>ἐς</em></strong></span> <span class='ocrx_word' id='word_1_79' title='bbox 662 897 693 956; x_wconf 87' lang='grc' dir='ltr'><strong><em>τὸ</em></strong></span> <span class='ocrx_word' id='word_1_80' title='bbox 707 897 799 974; x_wconf 90' lang='grc' dir='ltr'><strong><em>πρόσω</em></strong></span> <span class='ocrx_word' id='word_1_81' title='bbox 811 921 838 954; x_wconf 88' lang='grc' dir='ltr'><strong><em>τε</em></strong></span> <span class='ocrx_word' id='word_1_82' title='bbox 853 897 943 956; x_wconf 76' lang='grc' dir='ltr'><strong><em>οὐδὲν</em></strong></span> 
     </span>
     <span class='ocr_line' id='line_1_11' title="bbox 128 977 935 1058; baseline -0.004 -20"><span class='ocrx_word' id='word_1_83' title='bbox 128 980 303 1058; x_wconf 79' lang='grc' dir='ltr'><strong><em>προεκόπτετο</em></strong></span> <span class='ocrx_word' id='word_1_84' title='bbox 316 981 367 1039; x_wconf 83' lang='grc' dir='ltr'><strong><em>τῶν</em></strong></span> <span class='ocrx_word' id='word_1_85' title='bbox 379 977 744 1057; x_wconf 78' lang='grc' dir='ltr'><strong><em>πρηγμάτων,άπαλλοίσσοντο</em></strong></span> <span class='ocrx_word' id='word_1_86' title='bbox 754 986 778 1045; x_wconf 79' lang='grc' dir='ltr'><strong><em>ἐς</em></strong></span> <span class='ocrx_word' id='word_1_87' title='bbox 787 977 935 1036; x_wconf 88' lang='grc' dir='ltr'><strong><em>Πελοπόν-</em></strong></span> 
     </span>
     <span class='ocr_line' id='line_1_12' title="bbox 128 1061 934 1140; baseline -0.006 -18"><span class='ocrx_word' id='word_1_88' title='bbox 128 1087 217 1137; x_wconf 89' lang='grc' dir='ltr'><strong><em>νησον.</em></strong></span> <span class='ocrx_word' id='word_1_89' title='bbox 244 1064 278 1130; x_wconf 85' lang='grc' dir='ltr'><strong><em>ὡς</em></strong></span> <span class='ocrx_word' id='word_1_90' title='bbox 296 1063 355 1122; x_wconf 78' lang='grc' dir='ltr'><strong><em>δὲὸ</em></strong></span> <span class='ocrx_word' id='word_1_91' title='bbox 377 1061 547 1140; x_wconf 79' lang='grc' dir='ltr'><strong><em>ματαιότερος</em></strong></span> <span class='ocrx_word' id='word_1_92' title='bbox 569 1061 646 1138; x_wconf 90' lang='grc' dir='ltr'><strong><em>λόγος</em></strong></span> <span class='ocrx_word' id='word_1_93' title='bbox 669 1061 796 1140; x_wconf 75' lang='grc' dir='ltr'><strong><em>ὥρμηται,</em></strong></span> <span class='ocrx_word' id='word_1_94' title='bbox 825 1065 934 1136; x_wconf 60' lang='grc' dir='ltr'><strong><em>λέγεται</em></strong></span> 
     </span>
     <span class='ocr_line' id='line_1_13' title="bbox 134 1141 930 1224; baseline -0.005 -20"><span class='ocrx_word' id='word_1_95' title='bbox 134 1147 304 1224; x_wconf 82' lang='grc' dir='ltr'><strong><em>Πολυκράτεα</em></strong></span> <span class='ocrx_word' id='word_1_96' title='bbox 317 1145 452 1223; x_wconf 80' lang='grc' dir='ltr'><strong><em>ἐπιχώριον</em></strong></span> <span class='ocrx_word' id='word_1_97' title='bbox 465 1145 579 1222; x_wconf 88' lang='grc' dir='ltr'><strong><em>νόμισμα</em></strong></span> <span class='ocrx_word' id='word_1_98' title='bbox 595 1144 715 1220; x_wconf 84' lang='grc' dir='ltr'><strong><em>κόψαντα</em></strong></span> <span class='ocrx_word' id='word_1_99' title='bbox 732 1141 828 1202; x_wconf 86' lang='grc' dir='ltr'><strong><em>πολλὸν</em></strong></span> <span class='ocrx_word' id='word_1_100' title='bbox 843 1141 930 1215; x_wconf 78' lang='grc' dir='ltr'><strong><em>μολύ-</em></strong></span> 
     </span>
     <span class='ocr_line' id='line_1_14' title="bbox 130 1225 936 1307; baseline -0.005 -20"><span class='ocrx_word' id='word_1_101' title='bbox 130 1231 203 1304; x_wconf 85' lang='grc' dir='ltr'><strong><em>βδου,</em></strong></span> <span class='ocrx_word' id='word_1_102' title='bbox 215 1229 457 1307; x_wconf 81' lang='grc' dir='ltr'><strong><em>καταχρυσώσαντα</em></strong></span> <span class='ocrx_word' id='word_1_103' title='bbox 471 1229 563 1287; x_wconf 78' lang='grc' dir='ltr'><strong><em>δοῦναί</em></strong></span> <span class='ocrx_word' id='word_1_104' title='bbox 576 1251 634 1301; x_wconf 87' lang='grc' dir='ltr'><strong><em>σφι·</em></strong></span> <span class='ocrx_word' id='word_1_105' title='bbox 660 1225 721 1292; x_wconf 80' lang='grc' dir='ltr'><strong><em>τοίις</em></strong></span> <span class='ocrx_word' id='word_1_106' title='bbox 736 1229 763 1283; x_wconf 79' lang='grc' dir='ltr'><strong><em>δὲ</em></strong></span> <span class='ocrx_word' id='word_1_107' title='bbox 776 1229 936 1300; x_wconf 79' lang='grc' dir='ltr'><strong><em>δεξαμένους</em></strong></span> 
     </span>
     <span class='ocr_line' id='line_1_15' title="bbox 131 1307 937 1386; baseline -0.004 -17"><span class='ocrx_word' id='word_1_108' title='bbox 131 1311 198 1369; x_wconf 69' lang='grc' dir='ltr'><strong><em>οὕτω</em></strong></span> <span class='ocrx_word' id='word_1_109' title='bbox 211 1311 242 1383; x_wconf 81' lang='grc' dir='ltr'><strong><em>δὴ</em></strong></span> <span class='ocrx_word' id='word_1_110' title='bbox 256 1311 489 1370; x_wconf 72' lang='grc' dir='ltr'><strong><em>ἀπαλλάσσεσθαι.</em></strong></span> <span class='ocrx_word' id='word_1_111' title='bbox 510 1309 606 1382; x_wconf 72' lang='grc' dir='ltr'><strong><em>ταύτην</em></strong></span> <span class='ocrx_word' id='word_1_112' title='bbox 623 1307 727 1385; x_wconf 81' lang='grc' dir='ltr'><strong><em>πρώτην</em></strong></span> <span class='ocrx_word' id='word_1_113' title='bbox 746 1309 887 1386; x_wconf 80' lang='grc' dir='ltr'><strong><em>στρατηίην</em></strong></span> <span class='ocrx_word' id='word_1_114' title='bbox 906 1315 937 1374; x_wconf 73' lang='grc' dir='ltr'><strong><em>ἐς</em></strong></span> 
     </span>
     <span class='ocr_line' id='line_1_16' title="bbox 130 1389 787 1470; baseline -0.003 -20"><span class='ocrx_word' id='word_1_115' title='bbox 130 1393 177 1465; x_wconf 78' lang='grc' dir='ltr'><strong><em>τὴν</em></strong></span> <span class='ocrx_word' id='word_1_116' title='bbox 186 1393 273 1465; x_wconf 75' lang='grc' dir='ltr'><strong><em>Ἀσίην</em></strong></span> <span class='ocrx_word' id='word_1_117' title='bbox 285 1393 488 1468; x_wconf 88' lang='grc' dir='ltr'><strong><em>Λακεδαιμόνιοι</em></strong></span> <span class='ocrx_word' id='word_1_118' title='bbox 502 1397 610 1470; x_wconf 80' lang='grc' dir='ltr'><strong><em>Δωριέες</em></strong></span> <span class='ocrx_word' id='word_1_119' title='bbox 623 1389 787 1462; x_wconf 74' lang='grc' dir='ltr'><strong><em>ἐποιήσαντο.</em></strong></span> 
     </span>
    </p>
   </div>
   <div class='ocr_carea' id='block_1_4' title="bbox 129 1506 934 2567">
    <p class='ocr_par' dir='ltr' id='par_1_5' title="bbox 129 1506 934 2567">
     <span class='ocr_line' id='line_1_17' title="bbox 193 1506 933 1584; baseline -0.003 -17"><span class='ocrx_word' id='word_1_120' title='bbox 193 1516 233 1567; x_wconf 88' lang='grc'><strong><em>57.</em></strong></span> <span class='ocrx_word' id='word_1_121' title='bbox 259 1507 329 1566; x_wconf 77' lang='grc' dir='ltr'><strong><em>Οἱδ</em></strong></span> <span class='ocrx_word' id='word_1_122' title='bbox 346 1509 388 1565; x_wconf 75' lang='grc' dir='ltr'><strong><em>ἐπι</em></strong></span> <span class='ocrx_word' id='word_1_123' title='bbox 400 1529 446 1565; x_wconf 93' lang='grc' dir='ltr'><strong><em>τον</em></strong></span> <span class='ocrx_word' id='word_1_124' title='bbox 459 1506 630 1584; x_wconf 79' lang='grc' dir='ltr'><strong><em>Πολυκράτεα</em></strong></span> <span class='ocrx_word' id='word_1_125' title='bbox 643 1505 933 1584; x_wconf 82' lang='grc' dir='ltr'><strong><em>στρατευσάμενοιΣα-</em></strong></span> 
     </span>
     <span class='ocr_line' id='line_1_18' title="bbox 129 1587 934 1666; baseline 0.001 -21"><span class='ocrx_word' id='word_1_126' title='bbox 129 1593 205 1666; x_wconf 91' lang='grc' dir='ltr'><strong><em>μίων,</em></strong></span> <span class='ocrx_word' id='word_1_127' title='bbox 223 1592 278 1647; x_wconf 79' lang='grc' dir='ltr'><strong><em>επεὶ</em></strong></span> <span class='ocrx_word' id='word_1_128' title='bbox 292 1614 318 1648; x_wconf 90' lang='grc' dir='ltr'><strong><em>οι</em></strong></span> <span class='ocrx_word' id='word_1_129' title='bbox 309 1587 580 1665; x_wconf 70' lang='grc' dir='ltr'><strong><em>ε’Λακεδαιμόνιοι</em></strong></span> <span class='ocrx_word' id='word_1_130' title='bbox 549 1589 643 1656; x_wconf 80' lang='grc' dir='ltr'><strong><em>αυτοίις</em></strong></span> <span class='ocrx_word' id='word_1_131' title='bbox 658 1589 804 1648; x_wconf 76' lang='grc' dir='ltr'><strong><em>ἀπολείπειν</em></strong></span> <span class='ocrx_word' id='word_1_132' title='bbox 818 1591 934 1664; x_wconf 67' lang='grc' dir='ltr'><strong><em>ἔμελλον,</em></strong></span> 
     </span>
     <span class='ocr_line' id='line_1_19' title="bbox 130 1669 932 1772; baseline 0.002 -43"><span class='ocrx_word' id='word_1_133' title='bbox 130 1673 174 1729; x_wconf 78' lang='grc' dir='ltr'><strong><em>καὶ</em></strong></span> <span class='ocrx_word' id='word_1_134' title='bbox 192 1670 269 1730; x_wconf 77' lang='grc' dir='ltr'><strong><em>οὗτοι</em></strong></span> <span class='ocrx_word' id='word_1_135' title='bbox 260 1669 443 1729; x_wconf 77' lang='grc' dir='ltr'><strong><em>άπίπλεον’</em></strong></span> <span class='ocrx_word' id='word_1_136' title='bbox 431 1695 455 1737; x_wconf 87' lang='grc' dir='ltr'><strong><em>ες</em></strong></span> <span class='ocrx_word' id='word_1_137' title='bbox 468 1677 573 1746; x_wconf 83' lang='grc' dir='ltr'><strong><em>Σίφνον.</em></strong></span> <span class='ocrx_word' id='word_1_138' title='bbox 602 1671 739 1750; x_wconf 78' lang='grc' dir='ltr'><strong><em>χρημάτων</em></strong></span> <span class='ocrx_word' id='word_1_139' title='bbox 752 1669 804 1772; x_wconf 84' lang='grc' dir='ltr'><strong><em>γάρ</em></strong></span> <span class='ocrx_word' id='word_1_140' title='bbox 819 1675 932 1742; x_wconf 80' lang='grc' dir='ltr'><strong><em>εδίοντο,</em></strong></span> 
     </span>
     <span class='ocr_line' id='line_1_20' title="bbox 130 1751 932 1862; baseline 0.001 -52"><span class='ocrx_word' id='word_1_141' title='bbox 130 1778 161 1811; x_wconf 90' lang='grc' dir='ltr'><strong><em>τα</em></strong></span> <span class='ocrx_word' id='word_1_142' title='bbox 153 1751 254 1810; x_wconf 82' lang='grc' dir='ltr'><strong><em>δὲ</em></strong></span> <span class='ocrx_word' id='word_1_143' title='bbox 219 1776 270 1810; x_wconf 91' lang='grc' dir='ltr'><strong><em>των</em></strong></span> <span class='ocrx_word' id='word_1_144' title='bbox 279 1758 391 1826; x_wconf 83' lang='grc' dir='ltr'><strong><em>Σιφνίων</em></strong></span> <span class='ocrx_word' id='word_1_145' title='bbox 404 1775 544 1830; x_wconf 88' lang='grc' dir='ltr'><strong><em>πρηγματα</em></strong></span> <span class='ocrx_word' id='word_1_146' title='bbox 557 1753 651 1830; x_wconf 85' lang='grc' dir='ltr'><strong><em>η’κμαζε</em></strong></span> <span class='ocrx_word' id='word_1_147' title='bbox 664 1757 756 1814; x_wconf 82' lang='grc' dir='ltr'><strong><em>τοότον</em></strong></span> <span class='ocrx_word' id='word_1_148' title='bbox 768 1753 813 1812; x_wconf 90' lang='grc' dir='ltr'><strong><em>τὸν</em></strong></span> <span class='ocrx_word' id='word_1_149' title='bbox 808 1752 932 1862; x_wconf 79' lang='grc' dir='ltr'><strong><em>χρόνον,</em></strong></span> 
     </span>
     <span class='ocr_line' id='line_1_21' title="bbox 129 1835 933 1938; baseline 0.001 -45"><span class='ocrx_word' id='word_1_150' title='bbox 129 1839 173 1893; x_wconf 79' lang='grc' dir='ltr'><strong><em>καί</em></strong></span> <span class='ocrx_word' id='word_1_151' title='bbox 186 1841 328 1934; x_wconf 79' lang='grc' dir='ltr'><strong><em>νησιωτέων</em></strong></span> <span class='ocrx_word' id='word_1_152' title='bbox 340 1835 453 1938; x_wconf 87' lang='grc' dir='ltr'><strong><em>μάλιστα</em></strong></span> <span class='ocrx_word' id='word_1_153' title='bbox 467 1836 637 1896; x_wconf 43' lang='grc' dir='ltr'><strong><em>ἐπλούτεον(Ι</em></strong></span> <span class='ocrx_word' id='word_1_154' title='bbox 620 1862 666 1896; x_wconf 87' lang='grc' dir='ltr'><strong><em>ατε</em></strong></span> <span class='ocrx_word' id='word_1_155' title='bbox 679 1837 771 1896; x_wconf 86' lang='grc' dir='ltr'><strong><em>εόντων</em></strong></span> <span class='ocrx_word' id='word_1_156' title='bbox 785 1836 890 1895; x_wconf 79' lang='grc' dir='ltr'><strong><em>αυτοίσι</em></strong></span> <span class='ocrx_word' id='word_1_157' title='bbox 903 1844 933 1895; x_wconf 80' lang='grc' dir='ltr'><strong><em>ἐν</em></strong></span> 
     </span>
     <span class='ocr_line' id='line_1_22' title="bbox 129 1916 931 2023; baseline 0.004 -48"><span class='ocrx_word' id='word_1_158' title='bbox 129 1919 161 1993; x_wconf 82' lang='grc' dir='ltr'><strong><em>τῇ</em></strong></span> <span class='ocrx_word' id='word_1_159' title='bbox 179 1916 251 1994; x_wconf 83' lang='grc' dir='ltr'><strong><em>νήσω</em></strong></span> <span class='ocrx_word' id='word_1_160' title='bbox 267 1922 383 1996; x_wconf 77' lang='grc' dir='ltr'><strong><em>χρυσέων</em></strong></span> <span class='ocrx_word' id='word_1_161' title='bbox 400 1917 475 1976; x_wconf 83' lang='grc' dir='ltr'><strong><em>καί</em></strong></span> <span class='ocrx_word' id='word_1_162' title='bbox 461 1925 591 2023; x_wconf 84' lang='grc' dir='ltr'><strong><em>αργυρίων</em></strong></span> <span class='ocrx_word' id='word_1_163' title='bbox 608 1918 766 1996; x_wconf 84' lang='grc' dir='ltr'><strong><em>μετάλλων,</em></strong></span> <span class='ocrx_word' id='word_1_164' title='bbox 777 1918 843 1978; x_wconf 71' lang='grc' dir='ltr'><strong><em>οὕτω</em></strong></span> <span class='ocrx_word' id='word_1_165' title='bbox 861 1917 931 1978; x_wconf 74' lang='grc' dir='ltr'><strong><em>ὥστε</em></strong></span> 
     </span>
     <span class='ocr_line' id='line_1_23' title="bbox 130 1998 929 2107; baseline 0 -49"><span class='ocrx_word' id='word_1_166' title='bbox 130 1998 185 2059; x_wconf 85' lang='grc' dir='ltr'><strong><em>ἇπό</em></strong></span> <span class='ocrx_word' id='word_1_167' title='bbox 200 2001 244 2073; x_wconf 78' lang='grc' dir='ltr'><strong><em>τῆς</em></strong></span> <span class='ocrx_word' id='word_1_168' title='bbox 258 1999 411 2072; x_wconf 85' lang='grc' dir='ltr'><strong><em>δεκάτης</em></strong></span> <span class='ocrx_word' id='word_1_169' title='bbox 376 2023 427 2058; x_wconf 91' lang='grc' dir='ltr'><strong><em>των</em></strong></span> <span class='ocrx_word' id='word_1_170' title='bbox 438 2007 597 2107; x_wconf 79' lang='grc' dir='ltr'><strong><em>γινομένων</em></strong></span> <span class='ocrx_word' id='word_1_171' title='bbox 592 2002 709 2062; x_wconf 71' lang='grc' dir='ltr'><strong><em>αὐτόθεν</em></strong></span> <span class='ocrx_word' id='word_1_172' title='bbox 720 2001 859 2079; x_wconf 82' lang='grc' dir='ltr'><strong><em>χρημάτων</em></strong></span> <span class='ocrx_word' id='word_1_173' title='bbox 872 2007 929 2101; x_wconf 78' lang='grc' dir='ltr'><strong><em>θη-</em></strong></span> 
     </span>
     <span class='ocr_line' id='line_1_24' title="bbox 131 2081 929 2192; baseline -0.003 -50"><span class='ocrx_word' id='word_1_174' title='bbox 131 2081 230 2162; x_wconf 86' lang='grc' dir='ltr'><strong><em>σαυρός</em></strong></span> <span class='ocrx_word' id='word_1_175' title='bbox 247 2091 273 2184; x_wconf 73' lang='grc' dir='ltr'><strong><em>ἐν</em></strong></span> <span class='ocrx_word' id='word_1_176' title='bbox 287 2083 446 2158; x_wconf 78' lang='grc' dir='ltr'><strong><em>Δελφοῖσι</em></strong></span> <span class='ocrx_word' id='word_1_177' title='bbox 432 2091 565 2144; x_wconf 84' lang='grc' dir='ltr'><strong><em>ανακίεται</em></strong></span> <span class='ocrx_word' id='word_1_178' title='bbox 566 2084 662 2192; x_wconf 77' lang='grc' dir='ltr'><strong><em>ὁμοῖα</em></strong></span> <span class='ocrx_word' id='word_1_179' title='bbox 680 2093 748 2144; x_wconf 79' lang='grc' dir='ltr'><strong><em>τοῖσι</em></strong></span> <span class='ocrx_word' id='word_1_180' title='bbox 765 2081 929 2142; x_wconf 85' lang='grc' dir='ltr'><strong><em>πλουσιωτά-</em></strong></span> 
     </span>
     <span class='ocr_line' id='line_1_25' title="bbox 130 2164 928 2272; baseline -0.003 -48"><span class='ocrx_word' id='word_1_181' title='bbox 130 2191 210 2226; x_wconf 92' lang='grc' dir='ltr'><strong><em>τοισι</em></strong></span> <span class='ocrx_word' id='word_1_182' title='bbox 233 2164 308 2226; x_wconf 74' lang='grc' dir='ltr'><strong><em>οὗτοι</em></strong></span> <span class='ocrx_word' id='word_1_183' title='bbox 299 2165 390 2224; x_wconf 81' lang='grc' dir='ltr'><strong><em>δὲ</em></strong></span> <span class='ocrx_word' id='word_1_184' title='bbox 360 2192 393 2268; x_wconf 79' lang='grc' dir='ltr'><strong><em>τρι</em></strong></span> <span class='ocrx_word' id='word_1_185' title='bbox 407 2166 573 2250; x_wconf 87' lang='grc' dir='ltr'><strong><em>γινόμενα</em></strong></span> <span class='ocrx_word' id='word_1_186' title='bbox 544 2169 578 2226; x_wconf 78' lang='grc' dir='ltr'><strong><em>τό</em></strong></span> <span class='ocrx_word' id='word_1_187' title='bbox 593 2171 699 2244; x_wconf 81' lang='grc' dir='ltr'><strong><em>ἐνιαυτῷ</em></strong></span> <span class='ocrx_word' id='word_1_188' title='bbox 714 2165 813 2242; x_wconf 80' lang='grc' dir='ltr'><strong><em>ἑκάστῳ</em></strong></span> <span class='ocrx_word' id='word_1_189' title='bbox 825 2189 928 2272; x_wconf 86' lang='grc' dir='ltr'><strong><em>χρημα-</em></strong></span> 
     </span>
     <span class='ocr_line' id='line_1_26' title="bbox 130 2248 928 2350; baseline -0.001 -43"><span class='ocrx_word' id='word_1_190' title='bbox 130 2273 164 2308; x_wconf 91' lang='grc' dir='ltr'><strong><em>τα</em></strong></span> <span class='ocrx_word' id='word_1_191' title='bbox 184 2248 378 2350; x_wconf 76' lang='grc' dir='ltr'><strong><em>διενέμοντο.</em></strong></span> <span class='ocrx_word' id='word_1_192' title='bbox 368 2249 411 2309; x_wconf 81' lang='grc' dir='ltr'><strong><em>ότι</em></strong></span> <span class='ocrx_word' id='word_1_193' title='bbox 423 2251 459 2308; x_wconf 84' lang='grc' dir='ltr'><strong><em>ὠν</em></strong></span> <span class='ocrx_word' id='word_1_194' title='bbox 472 2249 644 2310; x_wconf 80' lang='grc' dir='ltr'><strong><em>ἐποιευντο</em></strong></span> <span class='ocrx_word' id='word_1_195' title='bbox 619 2274 664 2308; x_wconf 91' lang='grc' dir='ltr'><strong><em>τον</em></strong></span> <span class='ocrx_word' id='word_1_196' title='bbox 682 2248 871 2326; x_wconf 51' lang='lat' dir='ltr'>6669&amp;st</span> <span class='ocrx_word' id='word_1_197' title='bbox 858 2252 928 2323; x_wconf 80' lang='grc' dir='ltr'><strong><em>εχρί-</em></strong></span> 
     </span>
     <span class='ocr_line' id='line_1_27' title="bbox 132 2328 931 2432; baseline -0.003 -44"><span class='ocrx_word' id='word_1_198' title='bbox 132 2355 197 2389; x_wconf 91' lang='grc' dir='ltr'><strong><em>ωντο</em></strong></span> <span class='ocrx_word' id='word_1_199' title='bbox 219 2334 255 2388; x_wconf 66' lang='grc' dir='ltr'><strong><em>τοί</em></strong></span> <span class='ocrx_word' id='word_1_200' title='bbox 276 2337 434 2432; x_wconf 77' lang='grc' dir='ltr'><strong><em>χρηστηρίῳ,</em></strong></span> <span class='ocrx_word' id='word_1_201' title='bbox 461 2331 598 2390; x_wconf 77' lang='grc' dir='ltr'><strong><em>εἱαῦτοῒσι</em></strong></span> <span class='ocrx_word' id='word_1_202' title='bbox 619 2332 653 2390; x_wconf 79' lang='grc' dir='ltr'><strong><em>τά</em></strong></span> <span class='ocrx_word' id='word_1_203' title='bbox 675 2331 809 2410; x_wconf 88' lang='grc' dir='ltr'><strong><em>παρεόντα</em></strong></span> <span class='ocrx_word' id='word_1_204' title='bbox 831 2328 931 2406; x_wconf 80' lang='grc' dir='ltr'><strong><em>ἆγαθίι</em></strong></span> 
     </span>
     <span class='ocr_line' id='line_1_28' title="bbox 133 2408 929 2493; baseline 0.004 -25"><span class='ocrx_word' id='word_1_205' title='bbox 133 2408 176 2468; x_wconf 80' lang='grc' dir='ltr'><strong><em>οἷοί</em></strong></span> <span class='ocrx_word' id='word_1_206' title='bbox 201 2417 229 2470; x_wconf 83' lang='grc' dir='ltr'><strong><em>τί</em></strong></span> <span class='ocrx_word' id='word_1_207' title='bbox 252 2439 305 2472; x_wconf 86' lang='grc' dir='ltr'><strong><em>εστι</em></strong></span> <span class='ocrx_word' id='word_1_208' title='bbox 325 2413 409 2474; x_wconf 74' lang='grc' dir='ltr'><strong><em>πολὺν</em></strong></span> <span class='ocrx_word' id='word_1_209' title='bbox 429 2412 537 2492; x_wconf 82' lang='grc' dir='ltr'><strong><em>χρόνον</em></strong></span> <span class='ocrx_word' id='word_1_210' title='bbox 538 2421 715 2493; x_wconf 81' lang='grc' dir='ltr'><strong><em>παραμένειν·</em></strong></span> <span class='ocrx_word' id='word_1_211' title='bbox 749 2415 767 2487; x_wconf 74' lang='grc' dir='ltr'><em>ἡ</em></span> <span class='ocrx_word' id='word_1_212' title='bbox 789 2418 816 2472; x_wconf 77' lang='grc' dir='ltr'><strong><em>δι’</em></strong></span> <span class='ocrx_word' id='word_1_213' title='bbox 834 2416 929 2482; x_wconf 75' lang='grc' dir='ltr'><strong><em>Πυθίη</em></strong></span> 
     </span>
     <span class='ocr_line' id='line_1_29' title="bbox 132 2494 372 2567; baseline 0.027 -18.027"><span class='ocrx_word' id='word_1_214' title='bbox 132 2494 225 2566; x_wconf 69' lang='grc' dir='ltr'><strong><em>ἔχρησέ</em></strong></span> <span class='ocrx_word' id='word_1_215' title='bbox 237 2518 285 2567; x_wconf 87' lang='grc' dir='ltr'><strong><em>σφι</em></strong></span> <span class='ocrx_word' id='word_1_216' title='bbox 297 2495 372 2555; x_wconf 87' lang='grc' dir='ltr'><strong><em>τάδε·</em></strong></span> 
     </span>
    </p>
   </div>
   <div class='ocr_carea' id='block_1_5' title="bbox 163 2601 810 2682">
    <p class='ocr_par' dir='ltr' id='par_1_6' title="bbox 163 2601 810 2682">
     <span class='ocr_line' id='line_1_30' title="bbox 163 2601 810 2682; baseline 0.011 -28"><span class='ocrx_word' id='word_1_217' title='bbox 163 2601 233 2656; x_wconf 77' lang='grc' dir='ltr'><strong><em>Ἀλλ’</em></strong></span> <span class='ocrx_word' id='word_1_218' title='bbox 247 2601 311 2659; x_wconf 83' lang='grc' dir='ltr'><strong><em>ὅταν</em></strong></span> <span class='ocrx_word' id='word_1_219' title='bbox 320 2610 346 2660; x_wconf 77' lang='grc' dir='ltr'><strong><em>ἐν</em></strong></span> <span class='ocrx_word' id='word_1_220' title='bbox 355 2611 446 2679; x_wconf 81' lang='grc' dir='ltr'><strong><em>Σίφνῳ</em></strong></span> <span class='ocrx_word' id='word_1_221' title='bbox 457 2611 609 2682; x_wconf 79' lang='grc' dir='ltr'><strong><em>πρυτανὴίω</em></strong></span> <span class='ocrx_word' id='word_1_222' title='bbox 617 2611 695 2665; x_wconf 81' lang='grc' dir='ltr'><strong><em>λευκοὶ</em></strong></span> <span class='ocrx_word' id='word_1_223' title='bbox 705 2613 810 2680; x_wconf 85' lang='grc' dir='ltr'><strong><em>γίνηται</em></strong></span> 
     </span>
    </p>
   </div>
   <div class='ocr_carea' id='block_1_6' title="bbox 0 0 1017 3030">
    <p class='ocr_par' dir='ltr' id='par_1_7' title="bbox 0 0 1017 3030">
     <span class='ocr_line' id='line_1_31' title="bbox 0 0 1017 3030; baseline 0 0"><span class='ocrx_word' id='word_1_224' title='bbox 0 0 1017 3030; x_wconf 95' lang='lat' dir='ltr'><strong><em> </em></strong></span> 
     </span>
    </p>
   </div>
  </div>
 </body>
</html>
