2010 2922
258 163 703 215 L13.1v.cAP.187-191.
827 166 859 220 91

64 265 208 344 αλμίδαςολ
216 263 329 338 Ἕλληνες
340 265 534 343 μετωνόμασαν.
563 269 685 328 δοκέειδ’
702 277 804 350 ἐμοίηε
817 275 860 334 καί

62 346 235 450 ἡὸλολυμίη’
221 371 247 405 εν
264 351 344 425 λροίσι
361 351 481 408 ἐνθαῦτα
499 352 603 427 πρῶτον
616 357 755 428 γενέσθαι·
776 355 860 433 κάρτα

63 431 117 538 γάρ
129 429 211 535 τμύτῃ
223 435 349 506 χρέωνται
363 457 391 489 αι
382 433 548 506 ΗΛίβυσσαι,
570 436 615 492 καί
629 439 754 512 χρέωνται
770 439 859 505 καλῶς.

65 517 110 572 καί
122 517 247 589 τέσσερας
264 515 361 580 ἵππους
379 513 545 591 συζευγνύναι
562 539 638 594 παρα
628 515 796 592 Λιβύων“
771 545 797 578 οι
803 518 859 578 Ἑλ-

65 604 137 670 ληνες
148 591 327 694 μεμαθρκασι.

128 686 187 736 199.
213 675 349 735 Θάπτουσι
360 681 387 736 δέ
400 675 460 745 τούς
473 676 696 752 ἀποθνήσκοντας
714 707 740 742 οι
730 682 862 760 νομάδες

65 757 184 866 κατάπερ
198 783 225 818 οι
215 757 353 831 Ἓλληνες,
367 759 433 832 πλὴν
448 761 633 840 Νασαμώνων·
656 769 728 824 οὑτοι
741 767 769 823 δὲ
782 790 860 838 κατη-

64 847 156 944 μένους
169 839 321 910 θάπτουσι,
344 841 554 916 αυλάσσοντες,’
541 844 620 904 επεάν
634 844 698 924 ἇπίῃ
711 847 758 921 τὴν
770 847 862 924 ψυχὴν,

67 924 133 990 ὅκως
145 945 189 1000 μιν
202 927 337 981 κατίσουσι
349 925 446 998 μηδέ“
431 949 520 992 απτιος
538 926 725 988 ἇποθανίεται.
754 930 861 1006 οἰκήμα-

65 1031 100 1066 τα
120 1009 148 1065 δὲ
162 1003 298 1080 σύμπηκτα
316 1010 343 1072 ἐξ
328 1003 504 1082 ξάνθεριῖιων
521 1015 656 1083 ἕνερμένων
668 1015 727 1088 περὶ
745 1017 864 1113 σχοίνους

66 1092 130 1158 ἐστί,
144 1090 188 1146 καί
200 1089 282 1146 ταῦτα
295 1085 465 1165 περιφορητά.
492 1086 596 1166 νόμοισι
607 1095 653 1164 μέν
664 1091 805 1153 τοιούτοισι
817 1118 861 1153 ου-

64 1197 108 1232 τοι
118 1174 249 1248 χρέωνται.

130 1261 187 1312 191.
216 1251 252 1312 Τὸ
269 1254 297 1312 δέ
314 1250 381 1330 πρὸς
402 1255 511 1328 ἑσπέρης
529 1252 578 1310 τού
598 1257 723 1362 Τρίτυμος
743 1257 864 1334 ποταμαύ

20 1355 22 1360 ’
67 1333 178 1398 Αυσέων
194 1337 295 1408 ἔχονται
312 1333 435 1412 ἀροτῆρες
452 1333 501 1406 ἤδη
519 1336 617 1409 Λίβυης
634 1339 678 1395 καί
696 1339 777 1404 οἰκίας
789 1344 861 1415 νομί-

68 1425 155 1489 ζοντες
173 1419 311 1490 ἐκτῆσθαι,
334 1424 404 1476 τοῖσι
423 1414 523 1492 ούνομα
535 1423 617 1476 κέεται
631 1418 771 1487 Μάξυες·
793 1445 819 1480 οι
829 1447 863 1480 τα

68 1505 114 1561 ἐπὶ
127 1499 244 1568 δεξιά
210 1523 260 1559 των
271 1504 399 1575 κεφαλέων
411 1523 534 1577 κομοωσι,
539 1524 572 1558 τα
562 1498 637 1558 “”δ
624 1501 661 1559 αι’
674 1527 797 1605 αριστερα
787 1501 861 1562 “-κεί

68 1608 174 1664 ρουσι,
180 1607 211 1642 το
200 1581 301 1642 '⁸60‘
264 1607 339 1660 σωμα
351 1587 428 1659 μίλτῳ
439 1587 564 1660 χρίονται
589 1607 656 1658 φασι
647 1577 740 1642 ‘³02‘
709 1609 781 1645 ουτοι
798 1583 863 1644 εἶναι

67 1669 121 1726 τῶν
133 1673 159 1725 έκ
175 1671 266 1742 Τροίης
281 1663 429 1743 ἀνδρῶν.ς
414 1690 431 1737 η
449 1669 477 1723 δέ
490 1664 563 1742 χάρη
582 1664 646 1739 αὕτη
659 1690 687 1725 τε
700 1671 744 1726 καὶ
756 1693 773 1741 η
762 1653 862 1740 λοιπὴ

67 1774 113 1823 της
126 1748 255 1824 Λιβύης
241 1774 257 1820 η
274 1746 339 1826 πρὸς
357 1751 465 1824 ἑσπέρην
477 1749 563 1825 πολλῷ
574 1752 767 1827 θηριωδεστέρη
780 1753 863 1809 τεκαὶ

70 1836 219 1933 δασυτέρη
215 1833 270 1890 έοτί
286 1855 331 1902 της
347 1831 399 1888 τῶν
415 1829 587 1907 νομάδων’
549 1855 645 1908 χωρας.
670 1856 687 1903 η
704 1837 749 1906 μέν
765 1830 863 1908 yae&

68 1912 137 1993 πρὸς
149 1937 195 1987 την
206 1938 243 1986 ηω
255 1937 299 1986 της
311 1910 470 1988 Λιβύης,
444 1936 490 1986 την
508 1938 534 1972 οι
524 1912 699 1988 νομάδες’
671 1937 787 1990 νεμουσι,
809 1938 863 1972 εστι

69 1996 178 2068 ταπεινή
192 2021 219 2054 τε
232 2021 276 2054 και
266 1994 476 2074 ψαμμώίης’
444 2020 516 2072 μεχρι
532 1997 580 2053 τού
595 2001 721 2072 Τρίτωνος
735 1997 863 2071 ποταμού,

67 2105 85 2152 η
107 2077 173 2138 δὲ
159 2077 212 2138 απὸ
234 2075 328 2179 τούτμυ
349 2075 381 2137 τὸ
397 2077 464 2154 πρὸς
480 2083 598 2154 ἑσπέρης,
620 2103 638 2148 η
655 2101 706 2136 των
723 2074 865 2183 αροτὴρων,
895 2087 898 2093 “

69 2185 154 2240 ορεινη
172 2185 200 2218 τε
216 2159 299 2238 κάρτα
316 2185 360 2218 και
351 2163 460 2219 δασέα
480 2185 525 2218 και
516 2157 681 2236 θηριώδης.
708 2162 753 2217 καλ
768 2157 821 2236 γάρ
839 2160 865 2218 ολ

69 2243 142 2320 ὄφιες
156 2269 182 2303 οι
172 2241 388 2320 ’ὑπερμεγάθεες
403 2246 447 2302 καί
464 2267 489 2302 οι
480 2245 601 2308 “λέοντες
618 2239 685 2300 κατά
696 2239 802 2349 τούτους
815 2241 865 2299 εἰσί

68 2331 114 2386 καί
123 2351 150 2385 αι
140 2329 291 2401 εἐλέφαντές
299 2351 327 2386 τε
339 2329 383 2384 καί
395 2323 484 2431 ίίρκτοι
496 2349 540 2384 και
531 2323 660 2391 ἀσπίδες
673 2349 700 2383 τε
712 2327 757 2382 καί
771 2322 826 2384 έναι
840 2323 866 2382 αἶ

68 2409 104 2469 τά
120 2413 196 2487 κέρεα
212 2411 311 2482 ἔχοντες
329 2411 374 2468 καί
391 2433 417 2467 οι
408 2411 596 2482 εκυνοκέφαλοι
607 2410 650 2466 καὶ
663 2433 688 2467 οι
679 2405 865 2480 ακέφαλοι
839 2429 864 2463 οι

68 2500 97 2552 έν
108 2499 180 2552 τοῖσι
197 2490 309 2563 στίηθεσε
321 2490 382 2558 τούς
396 2489 581 2566 οφθαλμούς”
566 2514 671 2564 εχοντες,
685 2491 719 2558 ὥς
730 2489 761 2563 δὴ
774 2495 862 2577 λέγον-

66 2581 117 2634 ταί
130 2598 161 2652 γε
178 2572 230 2634 υπὸ
247 2573 358 2648 Λιβύων,
376 2577 421 2632 καί
438 2577 463 2634 ολ
481 2573 567 2650 άμριοι
582 2571 673 2651 άνδρες
688 2577 732 2632 καί
747 2578 865 2650 γυναῖκες
942 2620 947 2628 .

68 2681 165 2738 αηριαι
175 2681 220 2718 και
210 2655 295 2716 άλλα
308 2656 409 2732 πληθελ
420 2654 505 2718 πολλοὶ
516 2660 602 2736 θηρία
613 2658 789 2736 κατάψευστα
