2008 2922
154 165 187 204 Π
459 159 647 200 BUHHAMA.

157 253 230 308 copiis
245 247 366 295 navalibus
379 248 478 303 undique
494 247 579 291 coactis
593 245 687 290 multum
701 245 798 290 adauct-s
811 261 833 291 c·
849 253 923 293 so-
932 255 968 295 ιι,

155 323 251 380 Populi,
271 325 310 376 qul
323 323 354 364 sd
367 319 505 364 Salaminem
518 331 588 362 neves
601 319 720 370 miserant,
734 325 902 364 recensentur:
925 337 968 378 qus

156 395 328 452 opportunitate
347 405 400 436 usus
414 393 545 436 Herodotus
562 403 642 433 eorum
658 391 755 443 origines
768 395 793 434 et
806 395 969 450 antiquitates

155 467 255 510 breviter
268 467 366 520 exponit
379 479 399 506 c.
413 468 441 506 4³
450 467 523 506 -48,
551 463 588 506 Ibi
596 463 737 506 Graecorum
750 464 895 510 ducibus·de
912 466 967 511 loeo

157 551 245 594 pugnae
264 538 368 591 eligendo
387 535 564 580 deliberantibus
579 537 672 578 nuntius
687 535 772 578 allstus
786 539 835 587 est,
857 538 967 583 Atticum

156 613 228 655 totam
241 612 304 652 ferro
317 611 407 662 ignique
421 611 508 652 vastsri
523 623 542 652 e·
551 610 593 658 49,
603 611 638 650 50.
647 606 742 650 Xerxes
752 610 811 652 enim
821 623 875 653 cnm
886 611 967 655 altere

156 683 271 725 exereitus
280 687 346 737 parte
356 683 518 737 perBoeotism
528 680 646 737 profectus
656 692 722 733 quum
731 689 967 738 vecussoccupasset

155 753 259 796 Athenas
268 765 394 806 arcemque,
402 763 528 806 quenquam
537 754 615 808 paucis
625 753 663 806 qui
668 756 824 795 remanserant
829 755 965 799 fortissime

155 825 321 874 resistentibus,
331 826 437 880 cepisset,
447 825 524 867 urbem
534 825 604 866 diruit
612 828 637 866 et
646 826 729 866 evertit
738 838 758 867 c·
768 828 834 868 51-
843 829 880 869 55.
913 827 964 870 Ism

156 898 235 940 audita
250 895 390 938 Athenarum
408 898 525 939 eversione
545 895 646 939 Graecos
663 895 744 938 clessis
763 897 833 939 duces
853 898 962 954 plerique

154 969 265 1013 Isthmum
282 971 362 1022 petere
377 969 553 1010 constituerunt:
575 969 634 1023 quod
648 959 715 1022 quum
728 967 909 1012 Atheniensibus
923 975 958 1012 to·

156 1045 219 1096 tique
239 1039 349 1082 Graeciae
371 1041 588 1096 perniciosissimum
610 1039 662 1100 foro
684 1038 843 1082 intellexisset
863 1041 958 1084 Themi·

156 1111 250 1162 stocles,
266 1115 389 1156 convocnto
403 1113 484 1154 iterum
497 1104 659 1166 imperatorum
673 1110 769 1154 consilio
784 1115 927 1164 argumentis
936 1117 959 1156 et

155 1185 223 1228 minis
236 1196 250 1225 a
260 1185 314 1238 tuga
328 1183 469 1239 capessendo
484 1196 524 1225 eos
541 1187 633 1226 revocat
647 1196 666 1226 c.
677 1186 704 1226 5⁶
713 1186 787 1226 -63,
814 1183 883 1227 Inter
903 1185 960 1228 hacc

157 1256 280 1299 Persarum
290 1255 371 1298 clessis
380 1253 531 1297 inPhelerum
541 1250 649 1308 sppellit:
665 1267 709 1308 quo
717 1255 780 1298 facto
789 1254 958 1310 quumXerxes

158 1328 187 1372 de
196 1327 286 1384 proelio
296 1326 373 1370 navali
383 1325 550 1369 deliberaturus
559 1337 611 1368 suos
621 1329 775 1375 convocssset.
785 1339 863 1381 pugne
873 1329 958 1370 ceteris

158 1399 305 1461 suadentibus
319 1411 333 1440 a
348 1397 398 1441 solo
411 1397 535 1440 Artemisia
549 1399 581 1452 (t,
596 1399 634 1452 bd)
650 1398 795 1441 dissuadetur
811 1411 830 1440 c.
845 1403 873 1442 65
882 1423 914 1432 -
924 1403 955 1444 bt.
984 1431 985 1437 η

76 1473 80 1488 “
157 1470 238 1514 Nihilo
252 1471 325 1513 minus
339 1471 443 1524 sequiore
458 1467 554 1512 consilio
564 1467 643 1511 Xerxi
657 1471 754 1526 probato
763 1471 860 1514 Persica
874 1471 956 1516 elassis

157 1541 268 1587 Grsecam
278 1553 413 1594 eggressum
423 1540 560 1588 Salaminem
569 1553 648 1583 versus
658 1545 767 1596 provecta
776 1546 823 1592 est,
838 1545 955 1588 terrestris

153 1615 272 1658 exercitus
281 1613 305 1655 iu
313 1612 423 1655 Isthmum
432 1613 512 1662 movit,
522 1625 536 1654 s
546 1611 722 1668 Peloponnesiis
733 1615 782 1669 (qui
791 1619 953 1672 recensentur)

156 1683 277 1738 diligenter
290 1685 427 1726 custoditum
442 1698 460 1726 c.
475 1686 583 1728 69-13.
614 1687 662 1734 Quo
677 1687 754 1729 sudito
769 1686 852 1730 Grseci
865 1689 898 1730 sd
913 1689 954 1732 Sa·

155 1755 262 1813 laminem
275 1755 367 1798 collecti
381 1757 454 1800 denuo
469 1757 537 1808 fugae
547 1756 665 1801 consilium
674 1759 783 1809 inierunt;
798 1763 823 1800 et
832 1759 953 1812 Persse‚a
980 1779 981 1793 π

155 1826 311 1872 Themistocle
330 1829 439 1871 certiores
457 1828 515 1870 meti
535 1828 636 1872 Graecos
654 1831 731 1883 lugam
749 1829 835 1882 moliri,
855 1831 951 1878 classem

156 1915 233 1945 eorum
249 1900 348 1954 undique
362 1901 484 1942 cinxerunt
497 1912 516 1941 c.
526 1903 592 1942 ’14-
601 1903 636 1946 'td-
647 1902 712 1950 Quod
721 1917 788 1957 quum
797 1903 914 1948 Aristides
923 1908 950 1949 iis

154 1975 293 2022 nuntiasset,
312 1973 342 2014 ad
357 1983 455 2026 pugnam
470 1984 495 2014 se
510 1975 649 2026 paraverunt
663 1987 682 2015 c.
696 1977 723 2016 Π
732 1997 761 2024 -,
770 1979 804 2018 8³.
818 1975 949 2033 proelioque
978 1965 979 1973 ἵ

156 2043 368 2088 commissol’ersue
382 2044 437 2099 victi
451 2047 503 2084 sunt
517 2057 536 2085 c.
547 2035 611 2086 84--Ι
620 2047 655 2087 96.
665 2043 760 2089 Xerxes
775 2047 803 2090 de
816 2047 881 2091 telici
895 2048 947 2092 belli

129 2099 135 2114 ,
155 2117 221 2160 exitu
232 2117 356 2170 desperans
365 2115 461 2169 probato
472 2115 586 2158 Mardonii
597 2116 691 2160 consilio
703 2117 763 2160 filios
773 2131 823 2161 cnm
828 2119 948 2164 Artemisio

155 2185 234 2228 addito
250 2187 343 2228 custode
358 2187 499 2230 Hermotimo
514 2189 544 2243 (c.
554 2191 633 2230 104-
644 2191 695 2244 lob)
710 2192 839 2244 praemisit,
856 2190 946 2236 classem

155 2258 179 2299 in
193 2255 367 2311 Hellespontum
387 2259 462 2300 redire
482 2259 549 2300 iussit
567 2271 586 2302 c.
601 2263 724 2305 91-101,
741 2275 808 2316 quem
821 2262 903 2306 Graeci
918 2263 945 2305 sd

136 2373 139 2384 Ι
155 2328 257 2370 Andrum
267 2341 339 2383 usque
352 2329 468 2384 persecuti
482 2329 510 2371 ab
520 2321 649 2382 Eurybisde
664 2336 688 2375 et
698 2329 853 2378 Themistocle
866 2338 944 2380 retenti

154 2405 216 2449 sunt,
231 2413 260 2443 ne
274 2398 371 2443 ulterius
384 2401 586 2456 progrederentur,
602 2407 670 2460 etque
681 2407 708 2448 ab
718 2405 830 2450 insulanis
841 2409 945 2462 pecunias
973 2399 974 2419 ¹

153 2475 280 2524 exegenmt
294 2485 313 2515 c.
327 2476 463 2516 sos—112.
492 2473 546 2528 lpse
556 2473 661 2526 Xerxes,
675 2476 762 2537 relictis
772 2493 821 2522 cum
831 2480 944 2524 Mandonio
972 2471 973 2509 l

154 2551 197 2584 occ
211 2541 310 2585 millibus
323 2542 497 2592 lectissimorum
512 2545 619 2596 militnm,
635 2550 765 2601 quibuscum
780 2549 821 2593 illc
834 2565 884 2595 sere
895 2567 944 2608 pro·
971 2539 972 2599 l

152 2612 214 2653 rimo
228 2611 412 2668 Peloponnesum
429 2618 559 2668 incederet,
580 2631 629 2661 cum
647 2619 741 2676 reliquis
761 2623 833 2678 copiis
845 2627 944 2668 terrestri
970 2611 971 2687 l

151 2681 234 2753 itinere
248 2683 423 2743 Hellespontum
442 2691 511 2745 petiit
529 2695 553 2735 et
571 2692 657 2737 nuere
676 2695 792 2743 exercitus
807 2697 872 2753 porte
884 2697 942 2742 isne
969 2711 970 2726 ¹
