2010 2922
155 175 205 227 138
463 175 667 226 limenun

154 281 205 362 ίγέ
223 307 269 360 μοι
286 286 365 344 δοκέω
384 286 498 343 συνιέναι
514 282 546 343 τὸ
563 286 648 342 έθέίει
665 286 745 359 λέγειν
761 283 821 360 ίημίν
838 281 871 341 τὸ
892 307 971 358 μον.

152 365 233 439 τήίον.
272 365 394 426 Ἀσωποῦ
407 371 525 443 λέγονται
537 369 666 442 γενέσθαι
678 371 824 444 θτγατέρες
842 363 923 440 θήβη
938 391 970 425 τε

152 452 197 510 καί
208 453 315 525 Αδγινα·
336 453 446 509 τουτέων
461 447 613 550 ἇδείφεῶν
608 451 725 516 ἐουσέων,
741 451 820 549 δοκέρι
831 446 898 523 ἡμῖν
909 449 964 508 Αἰ-

152 537 273 610 γινητέων
293 529 442 592 δέεσθαι
417 553 463 589 τον
479 529 549 590 θεὸν
562 531 662 632 χρῆσαι
682 529 861 631 τιμωριῃηρριν
884 536 963 636 γενέ·

153 621 232 675 σθαι.
253 618 297 673 καί
306 613 338 674 οδ
350 613 403 691 γάρ
413 637 451 680 τις
463 611 558 686 ταύτης
572 611 681 696 δμείνων
692 611 780 690 γνώμη
793 611 879 672 ἐδόκεε
893 619 960 688 φαί-

151 704 259 766 νεσθαι,
274 695 365 798 αὖτίηα
374 700 521 796 πέμφρντες
532 698 633 755 ἐδέοντο
642 697 805 772 Αἰγινητέων,
818 693 959 755 ἐπικαλεό-

151 803 223 857 μενοι
235 777 345 838 κατὰτὸ
356 776 513 884 χρηστήριόν
526 801 575 853 σφι
586 777 745 854 βοηθέειν,
726 803 760 845 ως
772 776 897 879 έβντων’
880 803 958 855 αγχι-

153 867 248 922 στέων·
276 885 302 920 οι
323 864 350 920 δέ
371 885 420 935 σφι
442 863 558 920 αἰτέουσι
579 865 725 940 ἐπικουρίην
746 859 807 928 τοὺς
827 862 959 927 Αἰακίδας

154 948 314 1021 συμπέμπειν
326 945 437 1018 ἔφασαν.

216 1035 257 1085 81.
279 1031 482 1105 Πειρησαμένων
495 1027 574 1086 δέ’
539 1049 591 1086 των
603 1028 726 1132 θηβαίων
742 1025 810 1084 κατὰ
826 1025 874 1098 τὴν
888 1051 956 1104 ουμ

153 1115 247 1187 μαχίην
267 1110 318 1168 τῶν
338 1113 480 1169 Αἰακιδέων
501 1112 546 1168 καί
560 1115 671 1187 τρηχέως
692 1109 920 1187 περιεφθέντων
904 1133 974 1172 οπο,

154 1195 206 1252 τῶν
214 1192 329 1266 Ἀθηναί
328 1217 375 1262 ων,
404 1217 476 1260 αυτις
491 1217 517 1252 οι
508 1193 649 1266 “θηβαίοι
668 1196 817 1269 πέμψαντες
832 1215 894 1258 τους
909 1198 957 1268 μέν

154 1277 281 1342 Αἰακίδας
293 1300 341 1349 σφι
355 1274 523 1342 ἀπεδίδοσαν,
532 1274 584 1332 τῶν
597 1276 625 1332 δέ
638 1272 739 1351 ἀνδρῶν
751 1277 861 1333 ἐδέοντο.
905 1277 953 1334 Αἰ·

153 1381 256 1434 γινηται
268 1359 295 1415 δέ
306 1356 453 1434 εὐδαιμονίη
465 1381 493 1415 τε
504 1352 603 1432 μεγάλῃ
621 1361 780 1434 ἐπαρθέντες
794 1358 838 1414 καί
857 1358 955 1436 έγθρης

153 1440 266 1512 παλαιῆς
288 1436 498 1515 ἀναμνησθέντες
525 1436 634 1512 ἐχούσης
658 1445 682 1506 ές
703 1437 872 1542 Ἅθηνριίους,
897 1440 956 1500 τότε

158 1523 279 1626 θηβαίων
308 1523 454 1594 δεηθέντων
483 1519 637 1598 πόλεμον
622 1520 765 1599 ακήριπιῐον
787 1519 956 1595 Ἀθηναίοισι

154 1709 246 1751 σαντες
261 1685 377 1762 μακρῆσι
397 1690 473 1758 νηυσί
489 1695 514 1752 ές
531 1684 578 1759 τὴν
590 1684 703 1760 Αττικίην
716 1686 784 1746 κατὰ
799 1692 845 1763 μέν
858 1713 953 1788 ερυραν

155 1766 288 1866 Φάληρον,
307 1767 375 1826 κατὰ
393 1771 468 1828 δέ’
438 1793 483 1842 της
496 1767 572 1843 αίλης
586 1776 714 1848 παραλίης
727 1768 838 1837 πολλοὺς
849 1770 951 1848 δήμους,

152 1852 284 1918 ποιεῦντες
297 1854 324 1910 δέ
336 1876 420 1910 ταυτα
432 1850 548 1930 μεγάλως
558 1849 716 1925 Ἀθηναίους
729 1857 864 1912 έσινέοντο

215 1941 256 1992 82
275 1933 312 1992 ‘H
326 1937 353 1994 δέ
370 1933 486 2012 ἔχθρηε
471 1960 488 2008 η
506 1941 709 2036 προοφειλομένη
722 1943 747 2003 ἐς
756 1935 871 2009 Ἀθηναί
869 1944 949 2004 ουςέε

150 2017 203 2076 τῶν
213 2019 390 2094 Αἰγινητέων’
377 2022 474 2115 εγένετο
488 2016 543 2084 έξ’
528 2018 608 2095 αρχῆς
619 2019 730 2126 τοιησδρ
763 2017 947 2121 Ἐπιδαυρίοισι

149 2099 166 2172 ἡ
179 2123 213 2176 γη
226 2097 329 2206 καρπὸν
343 2098 435 2159 οἰιδθα
448 2093 574 2159 διεδίδου.
600 2104 660 2178 περὶ
672 2099 767 2174 ταύτης
779 2125 816 2160 ων
827 2103 871 2174 τῆς
881 2127 945 2176 σομ-

149 2183 233 2290 φωρῆς
247 2209 272 2244 οι
263 2181 440 2260 Επιδαύριοι
453 2188 614 2260 έχρέωντοίν
599 2189 763 2258 νΛείφοισι·
784 2209 802 2256 η
790 2183 842 2242 δε
854 2189 943 2257 Πυθίη

150 2270 232 2338 σφέας
249 2269 343 2331 ἐκέλευε
359 2270 460 2343 Δαμίης
475 2289 504 2324 τε
519 2290 561 2330 και
554 2263 705 2368 Αδξησίης
723 2263 862 2343 ἀγάλματα
874 2264 940 2344 ἰδρυ-

149 2353 259 2404 σασθαι
282 2352 327 2405 καί
322 2373 395 2448 σφι
414 2347 652 2424 ἱδρυσαμένοισι
633 2371 737 2424 ομεινον
761 2354 940 2412 συνοίσεσθαι

149 2427 298 2528 ἐπειρώτεον
315 2452 352 2487 ων
370 2454 395 2488 οι
386 2427 614 2506 ”Επιδαυριοι’
582 2453 677 2506 κοτερα
696 2431 796 2502 χαδκου
812 2437 941 2532 πριέωνται

64 2537 70 2558 ι
148 2507 181 2564 τὰ
195 2508 362 2585 ἀγάλματα
345 2535 361 2582 η
373 2516 465 2570 ίίθοιι·
486 2531 503 2583 η
492 2511 545 2571 δέ
554 2516 649 2584 Πυθίη
664 2511 784 2614 ουδέτερα
795 2512 891 2572 τούτων
903 2517 939 2582 έα,

148 2585 211 2644 ἆίία
232 2590 343 2654 ίξέλουε
328 2598 420 2669 ημέρης
441 2598 532 2664 ἐλαίης.
564 2584 708 2653 ἐδέοντο
686 2617 722 2652 ων
743 2618 769 2652 οι
760 2591 938 2672 Ἐπιδαύριοι

142 2664 292 2740 Ἀθηναίων
312 2677 397 2744 ἐλαίην
418 2697 466 2749 σφι
484 2675 580 2741 δοῦναι
598 2677 778 2760 ταμέσθαι,”
768 2698 887 2751 ιροτατας
905 2677 935 2750 δη
