1950 2924
250 206 322 250 ωε
344 205 394 250 lx.
424 205 502 250 σεε
523 187 668 252 ιε-ὲιε
806 207 854 258 213

53 310 127 370 ὥστε
133 307 241 394 ἐκράτεε
252 309 284 384 τῇ
297 305 398 385 γνώμη·
419 306 451 367 τό
468 307 521 386 γάρ
538 307 633 386 κράτος
650 305 701 383 εἶχε
713 335 758 382 της
772 337 852 390 στρα-

52 395 113 464 τιῆς
127 397 201 458 ουτος
215 399 241 450 έκ
254 393 385 466 βασιλέως,
403 389 459 448 όιλλ
474 391 523 450 οἰκ
533 391 646 468 Αρτόβα
648 399 696 460 ζος.
723 417 853 472 μεταπεμ-

51 474 194 584 ψάμενος
193 479 229 533 οἰν
246 473 308 540 τούς
325 473 481 551 ταξιάρχους
499 476 550 532 τῶν
565 480 656 533 τελέων
672 478 780 534 καὶτῶν
797 476 852 552 μετ’
865 523 867 532 .

50 560 155 618 ἑωυτού
168 557 260 616 ἐόντων
271 555 393 630 Ἑλλήνων
409 555 470 623 τούς
489 556 661 635 στρατηγούς,
684 556 778 635 εἰρώτα
796 566 823 617 εἰ
831 585 855 618 τι

49 643 146 699 εἰδεῖεν
164 639 251 716 λόγιον
272 643 332 717 περὶ
348 645 472 718 Περσέων
493 639 527 706 εἰς
545 642 753 716 διαφθαρέονται
775 648 803 699 ἐν
823 643 855 718 τῇ

43 722 161 783 Ἑλλάδι.
188 721 318 800 σιγώντων
336 726 365 782 δὲ
381 725 432 782 τών
446 721 589 794 ἐπικλήτων,
604 724 656 780 τών
668 728 714 798 μέν
728 721 774 781 ούιι
786 722 854 782 εἰδό-

47 829 107 865 των
120 803 181 872 τούς
192 804 336 883 χρησμούς,
357 806 408 864 τών
422 809 449 864 δὲ
462 804 566 864 εἰδότων
577 811 635 880 μέν,
659 812 685 862 έν
699 804 771 883 ἇδείῃ
787 809 814 864 δέ
826 803 857 864 ού

46 893 214 963 ποιευμένων
232 889 263 948 τό
284 894 376 964 λέγειν,
404 887 482 955 αύτός
504 887 659 964 Μαρδόνιος
681 889 761 965 έλεγε·
787 887 858 947 Ἐπεὶ

46 975 143 1030 τοινυν
155 969 225 1054 ύμεῒς
239 970 256 1042 ἢ
269 977 325 1030 ἴστε
339 969 442 1043 ούδένῆ
456 997 487 1030 ου
475 970 609 1046 ’τολμᾶτε
619 975 712 1071 λέγειν,
736 969 819 1028 ἄλλ’
805 970 856 1047 εγώ

46 1062 94 1130 ἐρε
84 1077 117 1112 ω
138 1051 172 1118 ὦς
193 1055 222 1110 ού
245 1052 420 1129 ἐπιστάμενος.
455 1057 510 1112 ἐστι
530 1053 659 1130 λόγιον“
640 1077 674 1119 ως
694 1052 779 1129 χρεών
801 1060 856 1112 ἐστι

46 1140 166 1212 ΙΙέρσας
179 1133 348 1210 ἀπικομένους
364 1142 389 1202 ές
407 1135 465 1211 τὴν
462 1134 569 1194 Ἐλλάδα
587 1134 779 1211 διαρπάσαι
752 1159 784 1194 το
799 1135 856 1212 ἰρόν

45 1217 86 1279 τὸ
100 1225 127 1277 έν
135 1223 268 1292 Δελφοῖσι,
276 1217 341 1294 μετά
357 1221 384 1275 δέ
397 1216 443 1290 τὴν
457 1202 605 1296 διαρπαγὴν
615 1217 772 1277 ’ἀπολέσθαι
785 1217 854 1276 πάν-

45 1325 111 1367 τας.
139 1299 210 1375 ἡμεῖς
223 1305 309 1359 τοίνυν
323 1297 388 1360 αύτό
402 1301 480 1360 τούτο
493 1300 658 1376 ἐπιστάμενοι
671 1298 730 1360 ούτε
744 1307 800 1378 ἰμεν
813 1304 856 1358 ἐπὶ

45 1383 87 1444 τὸ
102 1381 159 1459 ἱρόν
171 1383 262 1450 τούτο,
287 1379 346 1441 ούτε
362 1382 556 1461 ἐπιχειρήσομεν
574 1381 738 1460 διαρπάζειν,
759 1383 855 1455 ταύτης

45 1491 82 1527 τε
98 1469 180 1524 εἵνεκα
193 1466 238 1536 τῆς
253 1466 334 1538 αἰτίης
348 1463 393 1525 ούκ
407 1465 586 1544 ἇπολεόμεθα.
613 1466 681 1526 ὥστε
698 1466 781 1542 ύμέών
794 1466 856 1526 ὅσοι

45 1545 213 1625 τυγχάνουσι
225 1544 311 1607 εύνοοι
323 1547 406 1616 ἐόντες
418 1555 552 1626 Πέρσησι,
568 1549 671 1624 ἥδεσθε
682 1551 758 1628 τούδεΙ
771 1553 855 1609 εἵνεκα

45 1633 91 1698 ὦς
112 1635 307 1708 περιεσομένους
326 1630 406 1706 ἡμέας
425 1631 553 1705 Ἑλλήνων.
599 1633 688 1692 Ταίιτύ
711 1657 760 1709 σφι
779 1639 855 1698 εἴπας

17 1785 18 1788 ¹
46 1712 163 1791 δεύτερα
181 1713 289 1787 ἐσήμηνε
306 1719 510 1792 παραρτέεσθοέ
526 1741 554 1774 τε
571 1715 660 1774 πάντα
679 1719 723 1774 καὶ
739 1715 855 1791 εὐκρινέα

45 1802 198 1858 ποιέεσθαι
211 1795 245 1861 ὡς
260 1795 314 1871 ἅμα
327 1797 407 1874 ἡμέρη
421 1799 452 1874 τῇ
467 1797 577 1876 ἐπιούσῃ
589 1800 717 1874 συμβολῆς
726 1803 854 1871 ἐσομένης.

118 1902 159 1952 λ3.
184 1895 283 1954 Τούτου
300 1893 327 1948 δ’
343 1897 423 1966 ἔγωγε
440 1893 487 1948 τὸν
502 1893 622 1966 χρησμὸν
639 1887 686 1948 τόν
699 1891 855 1968 Μαρδόνιος

46 1977 112 2042 εἷπε
123 1983 148 2042 ἐς
161 1979 269 2050 Πέρσας
283 1974 359 2045 έχων,
379 1997 403 2038 ες
412 1969 549 2047 Ἰλλυριούς
566 1996 594 2030 τε
606 1971 690 2029 καί
663 1995 710 2032 τον
720 1971 805 2050 Εγγέλ
807 1999 855 2032 εων

47 2056 170 2138 στρατόν
188 2055 248 2116 οἰδα
265 2059 449 2156 πεποιημένον,
471 2055 526 2113 ἇλλ
543 2052 590 2114 ούκ
608 2061 633 2122 ἐς
646 2060 761 2162 Πέρσας.
790 2055 855 2115 άλλύ

44 2145 86 2206 τὰ
102 2147 147 2220 μέν
159 2139 279 2200 Βάκιδι*
266 2163 291 2206 ες
304 2136 400 2210 ταύτην
413 2136 459 2213 τὴν
469 2134 561 2216 μάχην
567 2144 736 2217 πεποιημένα,

123 2259 171 2306 την
181 2239 203 2292 δ
217 2239 260 2291 ἐπὶ
273 2235 439 2323 Θερμώδοντι
450 2260 494 2290 και
487 2237 608 2308 Ἀσωπῷ
617 2237 740 2326 λεγεποίη

118 2307 246 2375 Ἑλλήνων
255 2305 364 2358 σύνοδον
374 2327 417 2356 και
410 2292 665 2394 βαρβαρόφωγον’“
646 2306 730 2389 ια’γην,

123 2395 155 2446 τγ]
143 2339 260 2427 πόλλυί
271 2376 409 2426 πεσέονται
402 2375 484 2457 ὑπὲρ
494 2375 608 2459 Λύγεοίν
617 2394 644 2426 τε
654 2373 736 2441 μόρον
744 2390 773 2423 τε

122 2429 271 2512 τοξοφόρων
279 2439 414 2509 ΙλΙηδων,“
400 2463 464 2494 οταν
474 2445 577 2544 αἰαιμσν
588 2461 658 2510 ημαρ
669 2442 793 2510 ἐπέλθῃ,

29 2527 138 2594 ταῦτα
163 2532 209 2604 μέν
234 2530 278 2586 καὶ
299 2525 471 2605 παραπλησια
493 2525 608 2586 τούτοισι
631 2525 695 2584 άλλα
717 2529 851 2625 Μρυσαίῳ

33 2621 146 2713 ἔχοντα
164 2607 254 2671 οἰδα’
241 2635 266 2678 ες
279 2617 395 2689 Πέρσας.
424 2636 439 2670 ο
428 2609 494 2667 δέ
507 2608 648 2686 Θερμώδων
665 2606 783 2686 ποταμός
801 2611 851 2685 ῥέει

32 2692 151 2780 μεταξύ
168 2692 303 2775 Τανάγρης
316 2713 344 2756 τε
357 2721 401 2756 και
391 2697 564 2758 Γλίσαντος.

34 2835 40 2863 λ
