2008 2922
233 159 682 211 L13.V1.0AP.107—109
816 165 864 213 217

65 273 167 348 ρίνθιοι
180 269 225 343 μέν
238 263 270 338 δὴ
282 265 366 324 ταῦτα
379 261 483 366 γνόντες
502 263 717 328 οἰπαλλάσσοντσ·
726 265 862 343 ΙἈθηναλ-

67 375 122 412 οισι
138 347 197 408 δέ
183 349 291 408 απισῶσι
304 345 469 420 ἐπεθήκαντο
482 353 603 422 Βοιωτοὶ,
617 355 764 428 ἐπιθέμενοι
780 356 807 410 δὲ
820 357 864 412 έσ-
938 413 941 418 ,

66 432 245 506 σῶθησαν
213 456 245 508 τῃ
260 429 338 508 μάχη.
368 429 524 508 ὑπερβάντες
538 435 605 490 δέ
579 458 605 492 οι
614 431 752 506 Αθηναῖοι
765 433 826 501 τοὺς
840 437 865 494 ολ

66 527 127 594 Καρ
128 520 212 574 νθιοι
234 517 335 586 ἔθηκαν
356 515 518 572 Πλαταιεῦσι
539 512 605 574 εἶναι
631 512 740 618 οδροος,
757 516 864 583 τοῶτοος

66 594 266 676 οιιερβάντες
241 620 286 656 τον
299 585 417 664 Ἀσωπὸν
435 595 515 655 αὐτὸν
533 596 690 670 έιτοιησαντσ
709 587 787 676 σδρσν
809 607 862 671 Θη
878 650 880 653 .

65 684 167 758 βαέοισι
183 679 249 758 πρὸς
266 683 415 745 Πλαταιέας
438 677 504 738 εἶναι
519 683 573 738 καλ
578 679 676 747 Ὑσιάς.
706 683 803 740 ἔδοσαν
818 687 864 758 μέν

65 764 99 836 δὴ
118 788 144 822 οι
134 765 304 828 Πλαταιέες
327 767 409 835 σφέας
427 760 521 826 αῶτσδς
536 762 701 834 Ἀθηναίοισι
722 763 811 841 τρόπῳ
828 767 863 838 τῷ

63 849 195 926 ηῖρημένω,
208 836 271 917 ἧκον
285 841 355 902 δέ’
325 867 383 904 τοτε
395 848 420 908 ές
432 845 599 920 Μαραθῶνα
613 847 776 920 βοηθέοντες.

130 935 189 986 109.
215 934 289 988 Τοῖσι
302 924 341 984 δε
335 929 480 998 Αθηναιων
493 935 662 1003 στρατηγοῖσι
676 934 792 1005 ἓγινοντσ
805 932 863 1030 δίχα

62 1093 133 1158 εἶναι
148 1092 256 1170 στρατιῇ
270 1117 301 1168 τῃ
289 1089 418 1164 Μηδων
432 1051 606 1165 συμβαλέειν),
631 1094 682 1150 τῶν
695 1097 723 1150 δὲ
736 1117 780 1152 και
771 1097 863 1152 Μιλ-

13 1171 18 1176 ’
62 1175 161 1238 τιάδεω
173 1172 331 1234 κελευόντων
359 1172 393 1240 ῶς
412 1175 439 1230 δέ
457 1175 544 1276 δίχα
534 1197 562 1231 τε
580 1177 693 1274 ἐγένοντο
710 1199 754 1234 και
746 1175 866 1247 ἐνίκαῆ

60 1265 159 1338 χείρων
171 1259 222 1316 τῶν
232 1261 362 1334 γνωμέων,
380 1255 507 1324 ἐνθαῦτα,
527 1279 559 1328 ην
571 1253 624 1332 γάρ
636 1260 768 1324 ἑνδέκατος
780 1279 863 1334 ψηφι-

64 1339 219 1420 δοφόρος·
206 1365 220 1400 ο
243 1341 280 1416 τῷ
301 1337 390 1414 κυάμῳ
405 1337 492 1412 λαχῶν
505 1337 652 1412 Ἀθηναίων
658 1345 864 1441 πολεμαρχέειν·

64 1424 100 1486 τὸ
118 1421 231 1483 παλαιὸν
251 1421 303 1528 γάρ
317 1421 456 1494 Αθηναῖοι
478 1420 617 1510 ὁμόψηφον
638 1420 684 1482 τὸν
701 1428 865 1500 πολέμαρχον

65 1499 201 1571 ἐτοιεῶντο
223 1530 292 1566 τοισι
318 1511 498 1582 στρατηγοῖσι,
524 1509 557 1577 ἠν
579 1529 607 1563 τε
625 1503 683 1564 τότε
705 1509 866 1582 πολέμαρχος

62 1595 234 1667 Καλλίμαχος
243 1587 401 1663 Ἀφιδναιος
427 1586 494 1665 πρὸς
512 1611 605 1648 τουτον
622 1587 708 1647 έλθῶν
722 1587 865 1659 Μιλτιάδης

64 1679 139 1750 ΰεγε
152 1671 226 1752 τάδε·
245 1670 288 1730 Ἐν
301 1673 345 1731 σσλ
358 1672 412 1740 νῶν,
425 1674 619 1748 Καλλτμαχε,”
604 1695 659 1731 εστι
672 1697 688 1744 η
674 1669 864 1732 ”καταδοαλῶ

65 1781 116 1819 σαι
125 1753 295 1856 Αθέμρις,”
277 1781 293 1826 η
312 1758 450 1832 έλεοθέρας
465 1751 614 1854 μσιιλσαντα
629 1753 782 1832 μνημόσυνα
795 1757 864 1812 λιπέ-

66 1845 170 1900 σθαι’
157 1863 181 1903 ες
194 1836 240 1896 τὸν
258 1835 364 1894 άπαντα
382 1834 533 1912 ἀνθρώπων
551 1839 619 1908 βίον,
642 1845 686 1896 οἶα
705 1836 782 1895 οοδέ
777 1833 867 1935 Αρμό-

67 1921 126 1988 διῶς
139 1944 167 1980 τε
180 1943 224 1978 και
215 1916 425 1996 Αριστσγελτων
442 1921 565 1975 λείπουσι.
593 1918 639 1975 νῶν
656 1916 709 2024 γάρ
727 1917 771 1990 δὴ,
795 1905 867 1982 8506

65 2008 188 2082 ἐγένοντο
199 1999 345 2074 Ἀθηναῖοι,
364 2007 388 2066 ἐς
401 1999 546 2058 κλνδονον”
529 2023 622 2072 ηκοοσι
633 2005 762 2075 μέγιστον,
780 2001 824 2056 καλ
836 1995 868 2068 ἢν

65 2092 117 2167 μέν
130 2109 162 2161 γε
174 2104 329 2160 τατοκταμωσι
342 2105 411 2142 τοτσι
419 2081 544 2154 Μηδοισι,
557 2079 715 2141 δέδοκται
687 2106 721 2181 τμ
733 2086 868 2140 πείσονται
923 2157 925 2163 Ι
965 2155 967 2159 ἢ

66 2165 297 2278 παραδεδομένοι
294 2170 388 2240 Ιππλη,
410 2187 442 2236 ην
456 2167 483 2222 δέ
501 2169 662 2242 περιγένηται
679 2161 744 2234 αὕτη
757 2187 774 2234 η
763 2161 868 2230 πόλις,

69 2255 116 2324 οἴη
129 2275 157 2309 τε
153 2255 226 2309 ’ἐστι
238 2247 327 2326 πρώτη
340 2249 392 2306 τῶν
402 2246 548 2318 Ελληνλδων
561 2251 657 2303 πολέων
664 2249 804 2352 γενέσθαι.
821 2246 870 2310 κῶς

68 2358 108 2398 ων
131 2331 163 2402 δὴ
185 2357 268 2430 τατμα
287 2327 331 2387 οἷά
348 2335 376 2386 τέ
393 2337 447 2385 ἐστι
463 2333 605 2402 γενεσθαι,
629 2325 674 2386 καλ
691 2327 740 2394 κῶς
758 2329 783 2394 ἐς
801 2329 833 2386 σε’
847 2349 871 2385 τι

68 2412 172 2477 τούτων
186 2409 273 2515 γνήκει
284 2411 336 2470 τῶν
348 2407 506 2487 πρηγμάτων
517 2406 548 2468 τὸ
562 2411 640 2486 κῶρος
653 2411 725 2483 έχειν,
737 2411 784 2468 νῶν
796 2412 868 2488 έρχο-

70 2523 122 2580 μαι
140 2494 259 2572 φράσων
286 2493 368 2569 ἡμεων
385 2493 436 2550 τῶν
454 2492 607 2570 στρατηγῶν
624 2491 716 2552 ἐόντων
734 2496 794 2552 δέκα
812 2491 886 2566 δι’χα
955 2527 958 2531 ·

68 2587 191 2682 γίνονται
205 2603 234 2636 αι
247 2577 354 2653 γνῶμαι,
368 2575 419 2633 τῶν
430 2579 476 2648 μέν
489 2573 640 2677 κελεμόντων
655 2577 856 2653 σομβαλέειν,
821 2599 872 2634 των

70 2669 101 2727 δέ
117 2688 150 2725 σο
137 2657 359 2740 ’συμβαλέειν
348 2656 380 2732 ην
393 2662 440 2744 μέν
453 2681 498 2718 νον
509 2684 545 2738 μη
536 2657 741 2748 συμβάλωμεν,
763 2662 874 2734 ἔλπομαί
