1976 3008
132 160 183 222 133
435 163 639 212 HERODOTI

131 277 219 350 περδε
236 259 401 370 θηριῶβης’
388 269 443 330 εστί
460 295 476 342 η
465 265 596 344 Λιβίη·
624 291 658 326 τα
648 264 704 326 δέ
720 263 918 347 κατίπερδε”
886 293 934 342 της

131 352 277 432 θηριώδεος
293 350 421 459 ψάμμος
418 357 447 410 τέ
463 357 517 410 ἐστι
534 375 577 409 και
568 347 701 428 ίίναδρος
715 351 802 418 δεινῶς
814 353 858 412 καὶ
871 356 933 454 ἐρῆ-

130 461 180 516 μσς
192 434 304 495 πόντων
332 437 387 493 ἐπεὶ
400 435 436 493 ὠν
448 432 509 500 τοὺς
521 437 621 505 νεηνίας
631 431 866 518 αποπεμπομένοας
878 433 934 499 δπέι
986 461 987 510 η

97 545 98 548 ’
130 543 183 580 των
195 517 296 592 ηλίιιων
307 515 389 576 σδασι
400 540 429 575 τε
441 541 485 574 και
499 521 645 576 σιτίοισιεο
636 517 889 594 έξηρτσμένοος,”
867 541 934 578 ιεναε

131 600 166 678 τίι
178 603 270 680 πρῶτα
283 605 329 678 μέν
343 597 429 658 διὰ
399 622 443 672 της
458 599 612 674 οἶκεομένης,
629 597 726 672 ταύτην
739 602 767 658 δέ
780 598 930 666 διεξελθόν
986 591 987 606 ’

131 707 179 752 τας
192 691 217 751 ές
230 682 277 756 τὴν
289 679 426 783 θηριώδεα
440 679 599 749 ίιπικέσδαι,
621 686 648 740 ἐκ
661 683 689 738 δέ
702 679 797 754 ταίτης
810 680 856 754 τὴν
869 683 930 760 393-
986 705 987 708 ¹

131 791 181 843 μον
194 763 349 833 διεξιέναι
323 787 370 836 την
384 761 446 824 ὁδὸν
458 767 622 838 ποιευμένους
635 762 702 840 πρὸς
711 761 845 842 ζέφιιρον’
828 787 932 842 ανεμσν,

132 846 312 916 διεξελθόντας
330 849 358 904 δέ
377 847 465 923 χῶρον
482 843 579 906 πολλὸν
594 845 741 922 ψαμμώδεα
757 849 802 905 καί
819 853 845 906 έν
861 852 930 908 πολ-

131 932 191 1008 λῇσι
208 929 318 1008 ἡμέρῃσι
335 930 398 988 ἰδεῖν
415 926 447 1000 δή
465 951 523 988 κοτε
537 929 642 1006 δένδρεα
656 935 682 987 έν
695 931 774 1006 πεδίῳ
787 928 932 1004 πεφυκότα,

130 1017 176 1072 καί
197 1035 280 1087 σφεας
300 1010 502 1090 προσελβόντας
524 1009 662 1070 ἅπτεσθαι
682 1012 729 1071 τοί
751 1011 869 1079 ἐπεόντος
886 1015 933 1075 ε’πὶ

94 1119 96 1122 ·
131 1096 182 1156 τῶν
195 1097 318 1173 δενδρέων
330 1095 445 1172 καρποί,
465 1092 632 1170 ἁπτομένοισι
646 1095 675 1154 δέ
687 1119 735 1170 σφι
748 1091 929 1154 έπελθείνίν-
986 1145 987 1148 ,

131 1181 196 1256 δρας
208 1175 324 1257 μικροὺς,
346 1182 455 1279 μετρίων
469 1175 612 1242 έλιίσσονας
627 1175 739 1255 ἀνδρῶν,
760 1176 888 1254 λαβόντας
901 1181 932 1238 33

132 1259 204 1362 οἴγειν
217 1265 311 1336 σφέας·
334 1283 421 1335 φωνης
434 1257 508 1318 δὲΜ
476 1275 534 1336 οστε
547 1283 573 1318 τι
584 1260 629 1332 τῆς
642 1265 741 1320 ἐκείνων
753 1260 814 1328 τοὺς
829 1272 929 1320 Νασα-

129 1346 217 1420 μείνας
229 1342 379 1442 γινώσκειν,
402 1340 463 1402 οίίτε
479 1340 539 1408 τοὺς
554 1339 666 1418 έγοντας
679 1343 730 1402 τείν
745 1342 929 1422 Νασαμώνων

131 1425 203 1504 ίγειν
215 1449 244 1484 τε
257 1423 334 1498 δη’
303 1421 398 1490 αοτοίις
411 1421 445 1483 δι
457 1429 531 1482 έλέων
542 1429 678 1500 μεγίστων,
691 1450 736 1486 και
726 1425 932 1495 διεξελθόντας
964 1481 967 1484 .

129 1509 214 1568 εαίτα
241 1503 423 1608 διπικέσθαι’
408 1531 434 1574 ες
455 1498 566 1564 κέδν’
552 1530 579 1566 εν
599 1509 632 1586 τῇ
653 1507 754 1578 πάντας
775 1507 841 1570 εἶναι
860 1517 932 1570 τοῖσι

63 1607 67 1615 ’
130 1588 270 1694 ίγσυσιτο
260 1587 434 1666 1”μέγαδος
419 1613 505 1659 ισοσς,
520 1590 615 1668 χρῶμα
629 1595 656 1651 δέ
669 1597 786 1670 μέλανας.
814 1617 889 1672 παρα
876 1591 934 1655 δέ

129 1697 176 1747 την
193 1671 269 1734 πόλιν
285 1677 359 1752 ῥέειν.
367 1670 487 1749 ποταμὸν
504 1677 599 1750 μέγαν,
626 1681 692 1756 ῥέειν
710 1675 770 1735 δέ
756 1676 809 1737 απὸ
822 1681 933 1777 ἑσπέρης

131 1753 211 1816 αἰτίαν
228 1753 295 1833 πρὸς
311 1753 383 1829 ηίιον
401 1753 583 1828 ἀνατέλλοντα,
610 1763 758 1878 φαίνεσθαι
776 1749 847 1820 δίεν
860 1757 933 1836 αὐτῷ

129 1839 312 1918 κροκοδείλους

132 1930 133 1934 ’
194 1928 235 1982 33
254 1920 283 1980 ‘0
304 1925 351 1998 μέν
372 1918 404 1995 δη
424 1923 472 1981 τοί
491 1921 633 2026 Αμμωνίοα
650 1922 790 2034 Ἐτεόρχορ
809 1922 889 2032 λόγος
906 1930 935 1993 εξ

29 2061 33 2070 ,
130 2002 209 2066 τοίτό
222 2029 267 2081 μοι
281 2002 448 2076 δεδηλώσθω,
444 2005 557 2084 πλην”
542 2033 582 2068 οτι
596 2005 781 2081 ἆπονοστησαί
791 2031 820 2066 τε
833 2009 935 2082 έφασιω

131 2086 192 2155 τοὺς
208 2089 392 2164 Νασαμῶνας
411 2087 445 2154 ὥς
460 2113 486 2147 οι
477 2091 644 2168 “Κορηναιοι
657 2093 752 2168 ἔλεγον,
774 2092 818 2149 καί
832 2097 857 2158 ές
870 2089 936 2162 τοὺς

131 2175 205 2232 οίτοι
220 2168 342 2231 ἀπίκοιτο
358 2168 528 2248 ίινθριίποας,
550 2170 648 2248 γόητας
665 2171 731 2232 εἶναι
743 2172 857 2240 πάντας·
885 2172 936 2232 τὸν

131 2257 160 2314 δέ
177 2252 209 2326 δὴ
227 2251 348 2330 ποταμὸν
364 2254 457 2314 τοῦτον
474 2250 520 2314 τόν
538 2260 730 2364 παραρρέοντα
738 2259 783 2314 καί
795 2254 936 2358 Ἐτέαργος

132 2332 341 2411 σννεβόλλετο
315 2359 381 2394 ειναι
393 2334 440 2394 τὸν
456 2341 562 2405 Νεῖλον,
584 2360 628 2396 και
619 2336 673 2411 δὴ
685 2340 730 2398 καί
744 2364 759 2399 ο
748 2337 891 2416 λόγος
864 2337 937 2398 οίτω

133 2420 218 2495 αἱρέει.
246 2424 297 2498 ῥέει
309 2416 361 2526 γὰρ
376 2425 402 2476 έκ
415 2417 541 2493 Λιβίης“
527 2443 542 2478 ο
559 2425 660 2492 Νεῖλος,
678 2424 723 2480 καί
735 2427 816 2500 μέσην
828 2419 938 2496 τάμνων

131 2499 248 2576 Λιβίην·
275 2503 320 2559 καὶ
337 2499 370 2567 ὦς
388 2499 438 2577 έγώ
457 2499 646 2580 συμβάλλομαι,
673 2529 743 2565 τοισι
761 2502 939 2581 ἐμφανέσιτίτ

108 2639 120 2666 Ι,
130 2582 167 2688 μέγ
179 2581 356 2659 γινωσκόμενα
369 2583 593 2686 τεκμαιρόμενος,
603 2590 638 2663 τῷ
648 2585 740 2665 Ἴστρῳ
758 2593 785 2646 ἐκ
801 2587 853 2646 τόν
867 2591 938 2646 ἴσων

130 2670 229 2742 μέτρων
246 2663 365 2742 ὃρμᾶται.
403 2663 504 2742 Ἴστρος
521 2690 549 2726 τε
561 2666 614 2748 γὰρ
630 2669 759 2749 ποταμὸς,
788 2667 938 2748 ἀρξόμενος
