<?xml version="1.0" encoding="UTF-8"?>
<!DOCTYPE html PUBLIC "-//W3C//DTD XHTML 1.0 Transitional//EN"
    "http://www.w3.org/TR/xhtml1/DTD/xhtml1-transitional.dtd">
<html xmlns="http://www.w3.org/1999/xhtml" xml:lang="en" lang="en">
 <head>
  <title>
</title>
<meta http-equiv="Content-Type" content="text/html;charset=utf-8" />
  <meta name='ocr-system' content='tesseract 3.04.00' />
  <meta name='ocr-capabilities' content='ocr_page ocr_carea ocr_par ocr_line ocrx_word'/>
</head>
<body>
  <div class='ocr_page' id='page_1' title='image "./herodotihistori08herogoog_0716.png"; bbox 0 0 1996 2922; ppageno 0'>
   <div class='ocr_carea' id='block_1_1' title="bbox 241 139 851 196">
    <p class='ocr_par' dir='ltr' id='par_1_1' title="bbox 241 139 851 196">
     <span class='ocr_line' id='line_1_1' title="bbox 241 139 851 196; baseline 0.01 -6"><span class='ocrx_word' id='word_1_1' title='bbox 241 145 312 190; x_wconf 74' lang='lat' dir='ltr'><strong><em>Lm.</em></strong></span> <span class='ocrx_word' id='word_1_2' title='bbox 334 143 397 190; x_wconf 80' lang='lat' dir='ltr'><strong><em>vn.</em></strong></span> <span class='ocrx_word' id='word_1_3' title='bbox 426 145 505 190; x_wconf 74' lang='lat' dir='ltr'>cAl’.</span> <span class='ocrx_word' id='word_1_4' title='bbox 527 139 669 192; x_wconf 75' lang='grc'><strong><em>73-81.</em></strong></span> <span class='ocrx_word' id='word_1_5' title='bbox 820 147 851 196; x_wconf 78' lang='grc' dir='ltr'><strong><em>λλ</em></strong></span> 
     </span>
    </p>
   </div>
   <div class='ocr_carea' id='block_1_2' title="bbox 38 241 852 2754">
    <p class='ocr_par' dir='ltr' id='par_1_2' title="bbox 39 241 851 574">
     <span class='ocr_line' id='line_1_2' title="bbox 39 241 849 336; baseline 0.004 -26"><span class='ocrx_word' id='word_1_6' title='bbox 39 246 157 310; x_wconf 84' lang='grc' dir='ltr'><strong><em>Μιλόαι</em></strong></span> <span class='ocrx_word' id='word_1_7' title='bbox 175 248 250 306; x_wconf 77' lang='grc' dir='ltr'><strong><em>δέ’</em></strong></span> <span class='ocrx_word' id='word_1_8' title='bbox 221 245 316 326; x_wconf 90' lang='grc' dir='ltr'><strong><em>αιχμάς</em></strong></span> <span class='ocrx_word' id='word_1_9' title='bbox 332 271 361 308; x_wconf 88' lang='grc' dir='ltr'><strong><em>τε</em></strong></span> <span class='ocrx_word' id='word_1_10' title='bbox 377 241 531 326; x_wconf 79' lang='grc' dir='ltr'><strong><em>βραχέαςί</em></strong></span> <span class='ocrx_word' id='word_1_11' title='bbox 505 271 575 336; x_wconf 86' lang='grc' dir='ltr'><strong><em>εχον</em></strong></span> <span class='ocrx_word' id='word_1_12' title='bbox 591 251 636 308; x_wconf 78' lang='grc' dir='ltr'><strong><em>καὶ</em></strong></span> <span class='ocrx_word' id='word_1_13' title='bbox 653 252 746 326; x_wconf 87' lang='grc' dir='ltr'><strong><em>είματα</em></strong></span> <span class='ocrx_word' id='word_1_14' title='bbox 765 259 849 314; x_wconf 75' lang='grc' dir='ltr'><strong><em>ἐνεπε-</em></strong></span> 
     </span>
     <span class='ocr_line' id='line_1_3' title="bbox 39 328 852 414; baseline 0.006 -23"><span class='ocrx_word' id='word_1_15' title='bbox 39 335 202 410; x_wconf 87' lang='grc' dir='ltr'><strong><em>πορπέατο·</em></strong></span> <span class='ocrx_word' id='word_1_16' title='bbox 221 328 292 404; x_wconf 77' lang='grc' dir='ltr'><strong><em>εἶχον</em></strong></span> <span class='ocrx_word' id='word_1_17' title='bbox 305 329 377 390; x_wconf 78' lang='grc' dir='ltr'><strong><em>δέ’</em></strong></span> <span class='ocrx_word' id='word_1_18' title='bbox 347 331 432 392; x_wconf 81' lang='grc' dir='ltr'><strong><em>αυτιόν</em></strong></span> <span class='ocrx_word' id='word_1_19' title='bbox 444 330 517 399; x_wconf 83' lang='grc' dir='ltr'><strong><em>τόξα</em></strong></span> <span class='ocrx_word' id='word_1_20' title='bbox 522 325 778 410; x_wconf 77' lang='grc' dir='ltr'><strong><em>μετεξέτεροιΛόκια,</em></strong></span> <span class='ocrx_word' id='word_1_21' title='bbox 792 341 852 414; x_wconf 80' lang='grc' dir='ltr'><strong><em>περί</em></strong></span> 
     </span>
     <span class='ocr_line' id='line_1_4' title="bbox 42 414 850 515; baseline 0.007 -43"><span class='ocrx_word' id='word_1_22' title='bbox 42 418 74 473; x_wconf 89' lang='grc' dir='ltr'><strong><em>δέ</em></strong></span> <span class='ocrx_word' id='word_1_23' title='bbox 100 415 167 490; x_wconf 82' lang='grc' dir='ltr'><strong><em>τῇσι</em></strong></span> <span class='ocrx_word' id='word_1_24' title='bbox 186 414 314 515; x_wconf 78' lang='grc' dir='ltr'><strong><em>κεφαλῇσι</em></strong></span> <span class='ocrx_word' id='word_1_25' title='bbox 334 419 374 472; x_wconf 78' lang='grc' dir='ltr'><strong><em>έν</em></strong></span> <span class='ocrx_word' id='word_1_26' title='bbox 382 417 530 492; x_wconf 72' lang='grc' dir='ltr'><strong><em>διφθερέων</em></strong></span> <span class='ocrx_word' id='word_1_27' title='bbox 555 421 728 492; x_wconf 70' lang='grc' dir='ltr'><strong><em>πεποιημένας</em></strong></span> <span class='ocrx_word' id='word_1_28' title='bbox 753 423 850 486; x_wconf 89' lang='grc' dir='ltr'><strong><em>κυνέας.</em></strong></span> 
     </span>
     <span class='ocr_line' id='line_1_5' title="bbox 42 487 651 574; baseline 0.003 -20"><span class='ocrx_word' id='word_1_29' title='bbox 42 495 152 555; x_wconf 72' lang='grc' dir='ltr'><strong><em>τούτων</em></strong></span> <span class='ocrx_word' id='word_1_30' title='bbox 165 493 271 554; x_wconf 88' lang='grc' dir='ltr'><strong><em>πάντων</em></strong></span> <span class='ocrx_word' id='word_1_31' title='bbox 283 487 347 574; x_wconf 79' lang='grc' dir='ltr'><strong><em>ἦρχε</em></strong></span> <span class='ocrx_word' id='word_1_32' title='bbox 358 495 492 574; x_wconf 70' lang='grc' dir='ltr'><strong><em>Βάδρηςε</em></strong></span> <span class='ocrx_word' id='word_1_33' title='bbox 478 523 493 557; x_wconf 91' lang='grc' dir='ltr'><strong><em>ο</em></strong></span> <span class='ocrx_word' id='word_1_34' title='bbox 503 495 651 565; x_wconf 75' lang='grc' dir='ltr'><strong><em>Ὑστάνεος</em></strong></span> 
     </span>
    </p>

    <p class='ocr_par' dir='ltr' id='par_1_3' title="bbox 44 577 851 1314">
     <span class='ocr_line' id='line_1_6' title="bbox 112 577 848 659; baseline 0.008 -23"><span class='ocrx_word' id='word_1_35' title='bbox 112 585 159 636; x_wconf 83' lang='grc'><strong><em>78.</em></strong></span> <span class='ocrx_word' id='word_1_36' title='bbox 182 577 292 652; x_wconf 80' lang='grc' dir='ltr'><strong><em>Μόσχοι</em></strong></span> <span class='ocrx_word' id='word_1_37' title='bbox 309 583 337 637; x_wconf 84' lang='grc' dir='ltr'><strong><em>δέ</em></strong></span> <span class='ocrx_word' id='word_1_38' title='bbox 352 583 412 657; x_wconf 80' lang='grc' dir='ltr'><strong><em>περὶ</em></strong></span> <span class='ocrx_word' id='word_1_39' title='bbox 428 585 474 658; x_wconf 85' lang='grc' dir='ltr'><strong><em>μέν</em></strong></span> <span class='ocrx_word' id='word_1_40' title='bbox 486 579 546 658; x_wconf 79' lang='grc' dir='ltr'><strong><em>τῇσι</em></strong></span> <span class='ocrx_word' id='word_1_41' title='bbox 563 581 690 659; x_wconf 79' lang='grc' dir='ltr'><strong><em>κεφαλῇσι</em></strong></span> <span class='ocrx_word' id='word_1_42' title='bbox 703 587 791 649; x_wconf 82' lang='grc' dir='ltr'><strong><em>κυνέας</em></strong></span> <span class='ocrx_word' id='word_1_43' title='bbox 804 590 848 650; x_wconf 88' lang='grc' dir='ltr'><strong><em>ξο-</em></strong></span> 
     </span>
     <span class='ocr_line' id='line_1_7' title="bbox 44 656 851 742; baseline 0.005 -22"><span class='ocrx_word' id='word_1_44' title='bbox 44 665 123 726; x_wconf 82' lang='grc' dir='ltr'><strong><em>λλνας</em></strong></span> <span class='ocrx_word' id='word_1_45' title='bbox 136 656 220 734; x_wconf 79' lang='grc' dir='ltr'><strong><em>εἶχαν,</em></strong></span> <span class='ocrx_word' id='word_1_46' title='bbox 239 660 353 728; x_wconf 79' lang='grc' dir='ltr'><strong><em>ἀσπίδας</em></strong></span> <span class='ocrx_word' id='word_1_47' title='bbox 366 665 394 720; x_wconf 86' lang='grc' dir='ltr'><strong><em>δέ</em></strong></span> <span class='ocrx_word' id='word_1_48' title='bbox 410 665 454 721; x_wconf 81' lang='grc' dir='ltr'><strong><em>καί</em></strong></span> <span class='ocrx_word' id='word_1_49' title='bbox 467 661 562 740; x_wconf 77' lang='grc' dir='ltr'><strong><em>αἰχμάς</em></strong></span> <span class='ocrx_word' id='word_1_50' title='bbox 575 662 694 742; x_wconf 87' lang='grc' dir='ltr'><strong><em>σμικράς·</em></strong></span> <span class='ocrx_word' id='word_1_51' title='bbox 716 665 810 742; x_wconf 83' lang='grc' dir='ltr'><strong><em>λόχχαι</em></strong></span> <span class='ocrx_word' id='word_1_52' title='bbox 823 669 851 724; x_wconf 81' lang='grc' dir='ltr'><strong><em>δι’</em></strong></span> 
     </span>
     <span class='ocr_line' id='line_1_8' title="bbox 46 742 849 824; baseline 0.006 -23"><span class='ocrx_word' id='word_1_53' title='bbox 46 743 156 815; x_wconf 73' lang='grc' dir='ltr'><strong><em>ἐπῆσαν</em></strong></span> <span class='ocrx_word' id='word_1_54' title='bbox 168 742 286 820; x_wconf 71' lang='grc' dir='ltr'><strong><em>μεγάλαι.</em></strong></span> <span class='ocrx_word' id='word_1_55' title='bbox 323 746 462 822; x_wconf 79' lang='grc' dir='ltr'><strong><em>Τιβαρηνοὶ</em></strong></span> <span class='ocrx_word' id='word_1_56' title='bbox 476 749 560 804; x_wconf 75' lang='grc' dir='ltr'><strong><em>δὲκαὶ</em></strong></span> <span class='ocrx_word' id='word_1_57' title='bbox 573 745 716 824; x_wconf 76' lang='grc' dir='ltr'><strong><em>Μάκρωνες</em></strong></span> <span class='ocrx_word' id='word_1_58' title='bbox 729 751 773 805; x_wconf 80' lang='grc' dir='ltr'><strong><em>καὶ</em></strong></span> <span class='ocrx_word' id='word_1_59' title='bbox 786 759 849 807; x_wconf 85' lang='lat' dir='ltr'><strong><em>Mo·</em></strong></span> 
     </span>
     <span class='ocr_line' id='line_1_9' title="bbox 47 825 848 908; baseline 0.004 -22"><span class='ocrx_word' id='word_1_60' title='bbox 47 825 171 886; x_wconf 86' lang='grc' dir='ltr'><strong><em>σόνοιιιοι</em></strong></span> <span class='ocrx_word' id='word_1_61' title='bbox 187 825 304 904; x_wconf 83' lang='grc' dir='ltr'><strong><em>κατάπερ</em></strong></span> <span class='ocrx_word' id='word_1_62' title='bbox 322 826 435 901; x_wconf 77' lang='grc' dir='ltr'><strong><em>Μόσχον</em></strong></span> <span class='ocrx_word' id='word_1_63' title='bbox 454 835 671 906; x_wconf 66' lang='grc' dir='ltr'><strong><em>ἐσκευασμένοι*</em></strong></span> <span class='ocrx_word' id='word_1_64' title='bbox 657 829 848 908; x_wconf 80' lang='grc' dir='ltr'><strong><em>εστρατεόοντο.</em></strong></span> 
     </span>
     <span class='ocr_line' id='line_1_10' title="bbox 46 906 850 1020; baseline 0.007 -54"><span class='ocrx_word' id='word_1_65' title='bbox 46 906 160 974; x_wconf 74' lang='grc' dir='ltr'><strong><em>τούτους</em></strong></span> <span class='ocrx_word' id='word_1_66' title='bbox 174 910 202 966; x_wconf 82' lang='grc' dir='ltr'><strong><em>δέ</em></strong></span> <span class='ocrx_word' id='word_1_67' title='bbox 215 914 376 986; x_wconf 83' lang='grc' dir='ltr'><strong><em>συνέτασσον</em></strong></span> <span class='ocrx_word' id='word_1_68' title='bbox 389 909 510 988; x_wconf 77' lang='grc' dir='ltr'><strong><em>ἄρχοντες</em></strong></span> <span class='ocrx_word' id='word_1_69' title='bbox 522 915 587 970; x_wconf 74' lang='grc' dir='ltr'><strong><em>οἵδε·</em></strong></span> <span class='ocrx_word' id='word_1_70' title='bbox 609 910 737 986; x_wconf 79' lang='grc' dir='ltr'><strong><em>Μόσχους</em></strong></span> <span class='ocrx_word' id='word_1_71' title='bbox 743 917 794 1020; x_wconf 85' lang='grc' dir='ltr'><strong><em>μέν</em></strong></span> <span class='ocrx_word' id='word_1_72' title='bbox 806 915 850 972; x_wconf 74' lang='grc' dir='ltr'><strong><em>καὶ</em></strong></span> 
     </span>
     <span class='ocr_line' id='line_1_11' title="bbox 50 988 847 1071; baseline 0.005 -23"><span class='ocrx_word' id='word_1_73' title='bbox 50 988 215 1068; x_wconf 73' lang='grc' dir='ltr'><strong><em>Υιβαρηνοέις</em></strong></span> <span class='ocrx_word' id='word_1_74' title='bbox 228 990 429 1070; x_wconf 71' lang='grc' dir='ltr'><strong><em>Ἄριόμαρδας“</em></strong></span> <span class='ocrx_word' id='word_1_75' title='bbox 416 1018 432 1052; x_wconf 93' lang='grc' dir='ltr'><strong><em>ο</em></strong></span> <span class='ocrx_word' id='word_1_76' title='bbox 449 998 563 1070; x_wconf 76' lang='grc' dir='ltr'><strong><em>Δαρείου</em></strong></span> <span class='ocrx_word' id='word_1_77' title='bbox 584 1018 612 1052; x_wconf 92' lang='grc' dir='ltr'><strong><em>τε</em></strong></span> <span class='ocrx_word' id='word_1_78' title='bbox 628 1002 692 1060; x_wconf 77' lang='grc' dir='ltr'><strong><em>παῖς</em></strong></span> <span class='ocrx_word' id='word_1_79' title='bbox 707 997 752 1053; x_wconf 80' lang='grc' dir='ltr'><strong><em>καί</em></strong></span> <span class='ocrx_word' id='word_1_80' title='bbox 769 992 847 1071; x_wconf 86' lang='grc' dir='ltr'><strong><em>Πάρ-</em></strong></span> 
     </span>
     <span class='ocr_line' id='line_1_12' title="bbox 47 1073 846 1177; baseline 0.006 -47"><span class='ocrx_word' id='word_1_81' title='bbox 47 1095 115 1148; x_wconf 88' lang='grc' dir='ltr'><strong><em>μυος</em></strong></span> <span class='ocrx_word' id='word_1_82' title='bbox 132 1073 178 1144; x_wconf 78' lang='grc' dir='ltr'><strong><em>τῆς</em></strong></span> <span class='ocrx_word' id='word_1_83' title='bbox 190 1075 313 1174; x_wconf 77' lang='grc' dir='ltr'><strong><em>Σμέρδιρς</em></strong></span> <span class='ocrx_word' id='word_1_84' title='bbox 328 1075 376 1134; x_wconf 74' lang='grc' dir='ltr'><strong><em>τοῦ</em></strong></span> <span class='ocrx_word' id='word_1_85' title='bbox 389 1073 493 1153; x_wconf 79' lang='grc' dir='ltr'><strong><em>Κόρου,</em></strong></span> <span class='ocrx_word' id='word_1_86' title='bbox 516 1074 666 1177; x_wconf 77' lang='grc' dir='ltr'><strong><em>Μάκρωνας</em></strong></span> <span class='ocrx_word' id='word_1_87' title='bbox 684 1079 711 1134; x_wconf 86' lang='grc' dir='ltr'><strong><em>δέ</em></strong></span> <span class='ocrx_word' id='word_1_88' title='bbox 727 1101 771 1135; x_wconf 84' lang='grc' dir='ltr'><strong><em>και</em></strong></span> <span class='ocrx_word' id='word_1_89' title='bbox 762 1079 846 1135; x_wconf 88' lang='grc' dir='ltr'><strong><em>Μο-</em></strong></span> 
     </span>
     <span class='ocr_line' id='line_1_13' title="bbox 50 1153 849 1236; baseline 0.004 -24"><span class='ocrx_word' id='word_1_90' title='bbox 50 1159 188 1220; x_wconf 78' lang='grc' dir='ltr'><strong><em>συνοίκους</em></strong></span> <span class='ocrx_word' id='word_1_91' title='bbox 200 1153 354 1232; x_wconf 72' lang='grc' dir='ltr'><strong><em>Ἀρταόντης</em></strong></span> <span class='ocrx_word' id='word_1_92' title='bbox 373 1155 388 1216; x_wconf 85' lang='grc' dir='ltr'><strong><em>ό</em></strong></span> <span class='ocrx_word' id='word_1_93' title='bbox 406 1156 568 1236; x_wconf 87' lang='grc' dir='ltr'><strong><em>Χεράσμιος,</em></strong></span> <span class='ocrx_word' id='word_1_94' title='bbox 591 1157 620 1224; x_wconf 78' lang='grc' dir='ltr'><strong><em>ὃς</em></strong></span> <span class='ocrx_word' id='word_1_95' title='bbox 638 1157 742 1230; x_wconf 85' lang='grc' dir='ltr'><strong><em>Σηστὸν</em></strong></span> <span class='ocrx_word' id='word_1_96' title='bbox 759 1157 805 1229; x_wconf 78' lang='grc' dir='ltr'><strong><em>τὴν</em></strong></span> <span class='ocrx_word' id='word_1_97' title='bbox 822 1164 849 1216; x_wconf 81' lang='grc' dir='ltr'><strong><em>έν</em></strong></span> 
     </span>
     <span class='ocr_line' id='line_1_14' title="bbox 44 1235 473 1314; baseline -0.005 -17.976"><span class='ocrx_word' id='word_1_98' title='bbox 44 1235 223 1309; x_wconf 74' lang='grc' dir='ltr'><strong><em>Ἑλλησπόντῳ</em></strong></span> <span class='ocrx_word' id='word_1_99' title='bbox 236 1237 397 1314; x_wconf 69' lang='grc' dir='ltr'><strong><em>ἐπετρόπευε.</em></strong></span> <span class='ocrx_word' id='word_1_100' title='bbox 469 1284 473 1288; x_wconf 77' lang='lat'><em>‚</em></span> 
     </span>
    </p>

    <p class='ocr_par' dir='ltr' id='par_1_4' title="bbox 47 1317 848 1974">
     <span class='ocr_line' id='line_1_15' title="bbox 112 1317 845 1418; baseline 0.008 -43"><span class='ocrx_word' id='word_1_101' title='bbox 112 1324 153 1376; x_wconf 78' lang='lat'><strong><em>⁷9.</em></strong></span> <span class='ocrx_word' id='word_1_102' title='bbox 180 1317 273 1418; x_wconf 81' lang='grc' dir='ltr'><strong><em>Μάρις</em></strong></span> <span class='ocrx_word' id='word_1_103' title='bbox 290 1320 348 1378; x_wconf 73' lang='grc' dir='ltr'><strong><em>δέ’</em></strong></span> <span class='ocrx_word' id='word_1_104' title='bbox 335 1320 380 1376; x_wconf 82' lang='grc' dir='ltr'><strong><em>επὶ</em></strong></span> <span class='ocrx_word' id='word_1_105' title='bbox 393 1320 440 1393; x_wconf 83' lang='grc' dir='ltr'><strong><em>μέν</em></strong></span> <span class='ocrx_word' id='word_1_106' title='bbox 456 1319 517 1394; x_wconf 80' lang='grc' dir='ltr'><strong><em>τῇσι</em></strong></span> <span class='ocrx_word' id='word_1_107' title='bbox 534 1317 662 1395; x_wconf 77' lang='grc' dir='ltr'><strong><em>κεφαλῇσι</em></strong></span> <span class='ocrx_word' id='word_1_108' title='bbox 677 1318 773 1398; x_wconf 86' lang='grc' dir='ltr'><strong><em>κράνεα</em></strong></span> <span class='ocrx_word' id='word_1_109' title='bbox 791 1327 845 1380; x_wconf 84' lang='grc' dir='ltr'><strong><em>έπι·</em></strong></span> 
     </span>
     <span class='ocr_line' id='line_1_16' title="bbox 47 1397 848 1502; baseline 0.002 -42"><span class='ocrx_word' id='word_1_110' title='bbox 47 1398 133 1502; x_wconf 79' lang='grc' dir='ltr'><strong><em>χόρια</em></strong></span> <span class='ocrx_word' id='word_1_111' title='bbox 146 1397 242 1458; x_wconf 83' lang='grc' dir='ltr'><strong><em>πλεκτά</em></strong></span> <span class='ocrx_word' id='word_1_112' title='bbox 254 1397 331 1474; x_wconf 83' lang='grc' dir='ltr'><strong><em>εἶχον,</em></strong></span> <span class='ocrx_word' id='word_1_113' title='bbox 351 1397 464 1466; x_wconf 78' lang='grc' dir='ltr'><strong><em>ἀσπίδας</em></strong></span> <span class='ocrx_word' id='word_1_114' title='bbox 478 1403 505 1460; x_wconf 81' lang='grc' dir='ltr'><strong><em>δέ</em></strong></span> <span class='ocrx_word' id='word_1_115' title='bbox 516 1403 670 1502; x_wconf 76' lang='grc' dir='ltr'><strong><em>δερματίνας</em></strong></span> <span class='ocrx_word' id='word_1_116' title='bbox 683 1401 792 1480; x_wconf 85' lang='grc' dir='ltr'><strong><em>σμικράς</em></strong></span> <span class='ocrx_word' id='word_1_117' title='bbox 804 1407 848 1462; x_wconf 79' lang='grc' dir='ltr'><strong><em>καλ</em></strong></span> 
     </span>
     <span class='ocr_line' id='line_1_17' title="bbox 52 1481 847 1563; baseline 0.005 -23"><span class='ocrx_word' id='word_1_118' title='bbox 52 1481 165 1542; x_wconf 82' lang='grc' dir='ltr'><strong><em>όιιάντια.</em></strong></span> <span class='ocrx_word' id='word_1_119' title='bbox 207 1481 308 1556; x_wconf 82' lang='grc' dir='ltr'><strong><em>Κόλχοι</em></strong></span> <span class='ocrx_word' id='word_1_120' title='bbox 329 1485 359 1540; x_wconf 83' lang='grc' dir='ltr'><strong><em>δέ</em></strong></span> <span class='ocrx_word' id='word_1_121' title='bbox 377 1484 437 1559; x_wconf 77' lang='grc' dir='ltr'><strong><em>περὶ</em></strong></span> <span class='ocrx_word' id='word_1_122' title='bbox 457 1488 504 1558; x_wconf 88' lang='grc' dir='ltr'><strong><em>μέν</em></strong></span> <span class='ocrx_word' id='word_1_123' title='bbox 525 1485 587 1560; x_wconf 81' lang='grc' dir='ltr'><strong><em>τῇσι</em></strong></span> <span class='ocrx_word' id='word_1_124' title='bbox 608 1488 734 1562; x_wconf 74' lang='grc' dir='ltr'><strong><em>κεφαλῇσι</em></strong></span> <span class='ocrx_word' id='word_1_125' title='bbox 750 1485 847 1563; x_wconf 82' lang='grc' dir='ltr'><strong><em>κράνεα</em></strong></span> 
     </span>
     <span class='ocr_line' id='line_1_18' title="bbox 51 1562 845 1668; baseline 0.005 -45"><span class='ocrx_word' id='word_1_126' title='bbox 51 1564 151 1634; x_wconf 79' lang='grc' dir='ltr'><strong><em>ξόλινα,</em></strong></span> <span class='ocrx_word' id='word_1_127' title='bbox 174 1562 286 1632; x_wconf 83' lang='grc' dir='ltr'><strong><em>ἇσπίδας</em></strong></span> <span class='ocrx_word' id='word_1_128' title='bbox 304 1567 332 1624; x_wconf 83' lang='grc' dir='ltr'><strong><em>δέ</em></strong></span> <span class='ocrx_word' id='word_1_129' title='bbox 347 1562 492 1640; x_wconf 54' lang='lat' dir='ltr'><strong><em>&amp;pomae</em></strong></span> <span class='ocrx_word' id='word_1_130' title='bbox 510 1563 618 1644; x_wconf 83' lang='grc' dir='ltr'><strong><em>σμικράς</em></strong></span> <span class='ocrx_word' id='word_1_131' title='bbox 632 1567 726 1668; x_wconf 73' lang='grc' dir='ltr'><strong><em>ρέχμάς</em></strong></span> <span class='ocrx_word' id='word_1_132' title='bbox 738 1592 766 1626; x_wconf 88' lang='grc' dir='ltr'><strong><em>τε</em></strong></span> <span class='ocrx_word' id='word_1_133' title='bbox 780 1569 845 1646; x_wconf 79' lang='grc' dir='ltr'><strong><em>βρα-</em></strong></span> 
     </span>
     <span class='ocr_line' id='line_1_19' title="bbox 49 1645 845 1749; baseline 0.006 -43"><span class='ocrx_word' id='word_1_134' title='bbox 49 1652 120 1722; x_wconf 90' lang='grc' dir='ltr'><strong><em>χέας,</em></strong></span> <span class='ocrx_word' id='word_1_135' title='bbox 124 1645 196 1749; x_wconf 89' lang='grc' dir='ltr'><strong><em>πρὸς</em></strong></span> <span class='ocrx_word' id='word_1_136' title='bbox 210 1650 237 1706; x_wconf 86' lang='grc' dir='ltr'><strong><em>δὲ</em></strong></span> <span class='ocrx_word' id='word_1_137' title='bbox 249 1672 293 1706; x_wconf 87' lang='grc' dir='ltr'><strong><em>και</em></strong></span> <span class='ocrx_word' id='word_1_138' title='bbox 284 1651 434 1749; x_wconf 87' lang='grc' dir='ltr'><strong><em>μαχαίρας</em></strong></span> <span class='ocrx_word' id='word_1_139' title='bbox 446 1645 523 1722; x_wconf 77' lang='grc' dir='ltr'><strong><em>εἶχον.</em></strong></span> <span class='ocrx_word' id='word_1_140' title='bbox 557 1651 663 1726; x_wconf 80' lang='grc' dir='ltr'><strong><em>Μαρῶν</em></strong></span> <span class='ocrx_word' id='word_1_141' title='bbox 677 1654 704 1710; x_wconf 85' lang='grc' dir='ltr'><strong><em>δέ</em></strong></span> <span class='ocrx_word' id='word_1_142' title='bbox 717 1676 761 1709; x_wconf 86' lang='grc' dir='ltr'><strong><em>και</em></strong></span> <span class='ocrx_word' id='word_1_143' title='bbox 752 1650 845 1711; x_wconf 84' lang='grc' dir='ltr'><strong><em>Κόλ-</em></strong></span> 
     </span>
     <span class='ocr_line' id='line_1_20' title="bbox 49 1721 848 1810; baseline 0.005 -22"><span class='ocrx_word' id='word_1_144' title='bbox 49 1753 105 1805; x_wconf 90' lang='grc' dir='ltr'><strong><em>χων</em></strong></span> <span class='ocrx_word' id='word_1_145' title='bbox 121 1721 181 1807; x_wconf 81' lang='grc' dir='ltr'><strong><em>ἦρχε</em></strong></span> <span class='ocrx_word' id='word_1_146' title='bbox 196 1729 398 1808; x_wconf 71' lang='grc' dir='ltr'><strong><em>ιίναρανδοίιης.ε</em></strong></span> <span class='ocrx_word' id='word_1_147' title='bbox 385 1755 400 1788; x_wconf 93' lang='grc' dir='ltr'><strong><em>ο</em></strong></span> <span class='ocrx_word' id='word_1_148' title='bbox 421 1730 556 1798; x_wconf 70' lang='grc' dir='ltr'><strong><em>Τεάσπιος.</em></strong></span> <span class='ocrx_word' id='word_1_149' title='bbox 595 1730 741 1810; x_wconf 81' lang='grc' dir='ltr'><strong><em>Αλαράδιαι</em></strong></span> <span class='ocrx_word' id='word_1_150' title='bbox 759 1736 848 1792; x_wconf 77' lang='grc' dir='ltr'><strong><em>δὲκαὶ</em></strong></span> 
     </span>
     <span class='ocr_line' id='line_1_21' title="bbox 54 1811 843 1916; baseline 0.004 -44"><span class='ocrx_word' id='word_1_151' title='bbox 54 1811 196 1892; x_wconf 84' lang='grc' dir='ltr'><strong><em>Σάσπειρες</em></strong></span> <span class='ocrx_word' id='word_1_152' title='bbox 216 1812 332 1890; x_wconf 85' lang='grc' dir='ltr'><strong><em>κατάπερ</em></strong></span> <span class='ocrx_word' id='word_1_153' title='bbox 353 1811 454 1886; x_wconf 85' lang='grc' dir='ltr'><strong><em>Κόλχοι</em></strong></span> <span class='ocrx_word' id='word_1_154' title='bbox 475 1813 630 1916; x_wconf 76' lang='grc' dir='ltr'><strong><em>ὦπλισμένοι</em></strong></span> <span class='ocrx_word' id='word_1_155' title='bbox 652 1813 843 1894; x_wconf 76' lang='grc' dir='ltr'><strong><em>ἐστρατεύοντο.</em></strong></span> 
     </span>
     <span class='ocr_line' id='line_1_22' title="bbox 54 1893 636 1974; baseline 0 -20"><span class='ocrx_word' id='word_1_156' title='bbox 54 1894 148 1954; x_wconf 82' lang='grc' dir='ltr'><strong><em>τοότων</em></strong></span> <span class='ocrx_word' id='word_1_157' title='bbox 162 1899 188 1954; x_wconf 90' lang='grc' dir='ltr'><strong><em>δέ</em></strong></span> <span class='ocrx_word' id='word_1_158' title='bbox 201 1900 352 1962; x_wconf 77' lang='grc' dir='ltr'><strong><em>Μασίστιος</em></strong></span> <span class='ocrx_word' id='word_1_159' title='bbox 366 1893 381 1952; x_wconf 86' lang='grc' dir='ltr'><em>ὃ</em></span> <span class='ocrx_word' id='word_1_160' title='bbox 395 1901 553 1974; x_wconf 70' lang='grc' dir='ltr'><strong><em>Σιρομετρεα</em></strong></span> <span class='ocrx_word' id='word_1_161' title='bbox 566 1919 636 1973; x_wconf 83' lang='grc' dir='ltr'><strong><em>ηρχε.</em></strong></span> 
     </span>
    </p>

    <p class='ocr_par' dir='ltr' id='par_1_5' title="bbox 38 1975 845 2496">
     <span class='ocr_line' id='line_1_23' title="bbox 117 1975 845 2056; baseline 0.001 -20"><span class='ocrx_word' id='word_1_162' title='bbox 117 1986 156 2036; x_wconf 79' lang='lat'><strong><em>8⁰.</em></strong></span> <span class='ocrx_word' id='word_1_163' title='bbox 184 1977 223 2038; x_wconf 87' lang='grc' dir='ltr'><strong><em>Τάι</em></strong></span> <span class='ocrx_word' id='word_1_164' title='bbox 243 1981 271 2037; x_wconf 88' lang='grc' dir='ltr'><strong><em>δέ</em></strong></span> <span class='ocrx_word' id='word_1_165' title='bbox 293 1976 431 2051; x_wconf 81' lang='grc' dir='ltr'><strong><em>νησιωτικά</em></strong></span> <span class='ocrx_word' id='word_1_166' title='bbox 453 1981 537 2037; x_wconf 78' lang='grc' dir='ltr'><strong><em>έθνεα</em></strong></span> <span class='ocrx_word' id='word_1_167' title='bbox 556 1977 590 2036; x_wconf 83' lang='grc' dir='ltr'><strong><em>τά</em></strong></span> <span class='ocrx_word' id='word_1_168' title='bbox 612 1985 639 2036; x_wconf 80' lang='grc' dir='ltr'><strong><em>έν</em></strong></span> <span class='ocrx_word' id='word_1_169' title='bbox 655 1979 699 2049; x_wconf 74' lang='grc' dir='ltr'><strong><em>τῆς</em></strong></span> <span class='ocrx_word' id='word_1_170' title='bbox 715 1975 845 2056; x_wconf 77' lang='grc' dir='ltr'><strong><em>Ερυθρῆς</em></strong></span> 
     </span>
     <span class='ocr_line' id='line_1_24' title="bbox 55 2058 841 2138; baseline -0.003 -18"><span class='ocrx_word' id='word_1_171' title='bbox 55 2059 192 2134; x_wconf 74' lang='grc' dir='ltr'><strong><em>θαλάσσης</em></strong></span> <span class='ocrx_word' id='word_1_172' title='bbox 213 2059 339 2138; x_wconf 75' lang='grc' dir='ltr'><strong><em>ἑπόμενα,</em></strong></span> <span class='ocrx_word' id='word_1_173' title='bbox 360 2058 446 2132; x_wconf 82' lang='grc' dir='ltr'><strong><em>νήσων</em></strong></span> <span class='ocrx_word' id='word_1_174' title='bbox 467 2063 529 2120; x_wconf 88' lang='grc' dir='ltr'><strong><em>δέ</em></strong></span> <span class='ocrx_word' id='word_1_175' title='bbox 515 2084 543 2120; x_wconf 85' lang='grc' dir='ltr'><strong><em>ιν</em></strong></span> <span class='ocrx_word' id='word_1_176' title='bbox 562 2061 623 2136; x_wconf 77' lang='grc' dir='ltr'><strong><em>τῆσι</em></strong></span> <span class='ocrx_word' id='word_1_177' title='bbox 640 2059 700 2126; x_wconf 76' lang='grc' dir='ltr'><strong><em>τοὺς</em></strong></span> <span class='ocrx_word' id='word_1_178' title='bbox 718 2059 841 2118; x_wconf 72' lang='grc' dir='ltr'><strong><em>ἀνασπά-</em></strong></span> 
     </span>
     <span class='ocr_line' id='line_1_25' title="bbox 57 2139 842 2244; baseline -0.004 -42"><span class='ocrx_word' id='word_1_179' title='bbox 57 2167 132 2210; x_wconf 87' lang='grc' dir='ltr'><strong><em>στους</em></strong></span> <span class='ocrx_word' id='word_1_180' title='bbox 149 2149 314 2220; x_wconf 86' lang='grc' dir='ltr'><strong><em>καλεομένους</em></strong></span> <span class='ocrx_word' id='word_1_181' title='bbox 334 2149 467 2244; x_wconf 73' lang='grc' dir='ltr'><strong><em>κατοικίζει</em></strong></span> <span class='ocrx_word' id='word_1_182' title='bbox 482 2141 612 2218; x_wconf 76' lang='grc' dir='ltr'><strong><em>βασιλείοις,</em></strong></span> <span class='ocrx_word' id='word_1_183' title='bbox 639 2139 775 2217; x_wconf 81' lang='grc' dir='ltr'><strong><em>ἆχχοτάτω</em></strong></span> <span class='ocrx_word' id='word_1_184' title='bbox 791 2145 842 2200; x_wconf 79' lang='grc' dir='ltr'><strong><em>τῶν</em></strong></span> 
     </span>
     <span class='ocr_line' id='line_1_26' title="bbox 54 2222 839 2310; baseline -0.008 -23"><span class='ocrx_word' id='word_1_185' title='bbox 54 2227 175 2298; x_wconf 82' lang='grc' dir='ltr'><strong><em>Μηδικῶν</em></strong></span> <span class='ocrx_word' id='word_1_186' title='bbox 183 2224 256 2310; x_wconf 82' lang='grc' dir='ltr'><strong><em>εἶχον</em></strong></span> <span class='ocrx_word' id='word_1_187' title='bbox 269 2223 373 2298; x_wconf 79' lang='grc' dir='ltr'><strong><em>έσθητά</em></strong></span> <span class='ocrx_word' id='word_1_188' title='bbox 387 2249 415 2285; x_wconf 90' lang='grc' dir='ltr'><strong><em>τε</em></strong></span> <span class='ocrx_word' id='word_1_189' title='bbox 427 2251 471 2285; x_wconf 83' lang='grc' dir='ltr'><strong><em>και</em></strong></span> <span class='ocrx_word' id='word_1_190' title='bbox 462 2224 561 2284; x_wconf 81' lang='grc' dir='ltr'><strong><em>ὅπλα.</em></strong></span> <span class='ocrx_word' id='word_1_191' title='bbox 582 2222 680 2284; x_wconf 74' lang='grc' dir='ltr'><strong><em>τούτων</em></strong></span> <span class='ocrx_word' id='word_1_192' title='bbox 692 2225 767 2281; x_wconf 86' lang='grc' dir='ltr'><strong><em>δέ</em></strong></span> <span class='ocrx_word' id='word_1_193' title='bbox 732 2247 783 2282; x_wconf 86' lang='grc' dir='ltr'><strong><em>των</em></strong></span> <span class='ocrx_word' id='word_1_194' title='bbox 794 2247 839 2296; x_wconf 90' lang='grc' dir='ltr'><strong><em>νη-</em></strong></span> 
     </span>
     <span class='ocr_line' id='line_1_27' title="bbox 57 2304 840 2412; baseline -0.005 -45"><span class='ocrx_word' id='word_1_195' title='bbox 57 2311 193 2367; x_wconf 80' lang='grc' dir='ltr'><strong><em>σιωτέωκ</em></strong></span> <span class='ocrx_word' id='word_1_196' title='bbox 178 2331 241 2386; x_wconf 89' lang='grc' dir='ltr'><strong><em>ηρχε</em></strong></span> <span class='ocrx_word' id='word_1_197' title='bbox 263 2307 458 2412; x_wconf 76' lang='grc' dir='ltr'><strong><em>Μαρδρντης’</em></strong></span> <span class='ocrx_word' id='word_1_198' title='bbox 444 2307 645 2384; x_wconf 73' lang='grc' dir='ltr'><strong><em>οΒαχαίου,ι</em></strong></span> <span class='ocrx_word' id='word_1_199' title='bbox 634 2305 663 2372; x_wconf 80' lang='grc' dir='ltr'><strong><em>ές</em></strong></span> <span class='ocrx_word' id='word_1_200' title='bbox 684 2312 711 2364; x_wconf 81' lang='grc' dir='ltr'><strong><em>έν</em></strong></span> <span class='ocrx_word' id='word_1_201' title='bbox 727 2304 840 2383; x_wconf 78' lang='grc' dir='ltr'><strong><em>Μυκάλη</em></strong></span> 
     </span>
     <span class='ocr_line' id='line_1_28' title="bbox 38 2386 840 2496; baseline -0.005 -46"><span class='ocrx_word' id='word_1_202' title='bbox 38 2394 42 2404; x_wconf 88' lang='grc'>’</span> <span class='ocrx_word' id='word_1_203' title='bbox 58 2395 211 2468; x_wconf 70' lang='grc' dir='ltr'><strong><em>στρατηγέων</em></strong></span> <span class='ocrx_word' id='word_1_204' title='bbox 223 2391 372 2496; x_wconf 76' lang='grc' dir='ltr'><strong><em>δειπιρῳ”</em></strong></span> <span class='ocrx_word' id='word_1_205' title='bbox 347 2399 398 2449; x_wconf 84' lang='grc' dir='ltr'><strong><em>ετεῖ</em></strong></span> <span class='ocrx_word' id='word_1_206' title='bbox 408 2389 506 2450; x_wconf 74' lang='grc' dir='ltr'><strong><em>τούτων</em></strong></span> <span class='ocrx_word' id='word_1_207' title='bbox 522 2389 666 2462; x_wconf 76' lang='grc' dir='ltr'><strong><em>έιιλεόιησε</em></strong></span> <span class='ocrx_word' id='word_1_208' title='bbox 679 2390 747 2447; x_wconf 80' lang='grc' dir='ltr'><strong><em>έν</em></strong></span> <span class='ocrx_word' id='word_1_209' title='bbox 717 2413 749 2465; x_wconf 89' lang='grc' dir='ltr'><strong><em>τη</em></strong></span> <span class='ocrx_word' id='word_1_210' title='bbox 761 2386 840 2466; x_wconf 85' lang='grc' dir='ltr'><strong><em>μάχη.</em></strong></span> 
     </span>
    </p>

    <p class='ocr_par' dir='ltr' id='par_1_6' title="bbox 58 2469 841 2718">
     <span class='ocr_line' id='line_1_29' title="bbox 115 2469 840 2574; baseline -0.007 -40"><span class='ocrx_word' id='word_1_211' title='bbox 115 2483 152 2534; x_wconf 79' lang='grc'><strong><em>81</em></strong></span> <span class='ocrx_word' id='word_1_212' title='bbox 180 2474 269 2533; x_wconf 78' lang='grc' dir='ltr'><strong><em>Ταότα</em></strong></span> <span class='ocrx_word' id='word_1_213' title='bbox 291 2495 324 2546; x_wconf 92' lang='grc' dir='ltr'><strong><em>ην</em></strong></span> <span class='ocrx_word' id='word_1_214' title='bbox 343 2472 377 2531; x_wconf 81' lang='grc' dir='ltr'><strong><em>τά</em></strong></span> <span class='ocrx_word' id='word_1_215' title='bbox 399 2471 457 2532; x_wconf 75' lang='grc' dir='ltr'><strong><em>κατ’</em></strong></span> <span class='ocrx_word' id='word_1_216' title='bbox 470 2471 577 2552; x_wconf 65' lang='grc' dir='ltr'><strong><em>ἤπειρον</em></strong></span> <span class='ocrx_word' id='word_1_217' title='bbox 599 2469 791 2574; x_wconf 85' lang='grc' dir='ltr'><strong><em>στρατευόμενά</em></strong></span> <span class='ocrx_word' id='word_1_218' title='bbox 812 2493 840 2530; x_wconf 87' lang='grc' dir='ltr'><strong><em>τε</em></strong></span> 
     </span>
     <span class='ocr_line' id='line_1_30' title="bbox 58 2553 838 2658; baseline -0.001 -44.999"><span class='ocrx_word' id='word_1_219' title='bbox 58 2558 134 2614; x_wconf 68' lang='grc' dir='ltr'><strong><em>ἔθνεα</em></strong></span> <span class='ocrx_word' id='word_1_220' title='bbox 145 2558 188 2615; x_wconf 79' lang='grc' dir='ltr'><strong><em>καὶ</em></strong></span> <span class='ocrx_word' id='word_1_221' title='bbox 200 2562 342 2658; x_wconf 72' lang='grc' dir='ltr'><strong><em>τεταγμένα</em></strong></span> <span class='ocrx_word' id='word_1_222' title='bbox 355 2561 380 2622; x_wconf 80' lang='grc' dir='ltr'><strong><em>ἐς</em></strong></span> <span class='ocrx_word' id='word_1_223' title='bbox 392 2581 423 2615; x_wconf 91' lang='grc' dir='ltr'><strong><em>το</em></strong></span> <span class='ocrx_word' id='word_1_224' title='bbox 412 2554 520 2625; x_wconf 85' lang='grc' dir='ltr'><strong><em>πεζόν,</em></strong></span> <span class='ocrx_word' id='word_1_225' title='bbox 541 2553 636 2616; x_wconf 71' lang='grc' dir='ltr'><strong><em>τούτου</em></strong></span> <span class='ocrx_word' id='word_1_226' title='bbox 649 2577 685 2614; x_wconf 87' lang='grc' dir='ltr'><strong><em>ων</em></strong></span> <span class='ocrx_word' id='word_1_227' title='bbox 697 2579 744 2614; x_wconf 90' lang='grc' dir='ltr'><strong><em>του</em></strong></span> <span class='ocrx_word' id='word_1_228' title='bbox 757 2577 838 2631; x_wconf 90' lang='grc' dir='ltr'><strong><em>στρα-</em></strong></span> 
     </span>
     <span class='ocr_line' id='line_1_31' title="bbox 58 2637 841 2754; baseline -0.003 -57"><span class='ocrx_word' id='word_1_229' title='bbox 58 2640 102 2700; x_wconf 78' lang='grc' dir='ltr'><strong><em>τοό</em></strong></span> <span class='ocrx_word' id='word_1_230' title='bbox 111 2663 185 2754; x_wconf 89' lang='grc' dir='ltr'><strong><em>ηρχον</em></strong></span> <span class='ocrx_word' id='word_1_231' title='bbox 198 2663 270 2699; x_wconf 89' lang='grc' dir='ltr'><strong><em>ουτοι</em></strong></span> <span class='ocrx_word' id='word_1_232' title='bbox 284 2641 357 2718; x_wconf 87' lang='grc' dir='ltr'><strong><em>αι’περ</em></strong></span> <span class='ocrx_word' id='word_1_233' title='bbox 371 2639 495 2724; x_wconf 80' lang='grc' dir='ltr'><strong><em>εἰρέαται,</em></strong></span> <span class='ocrx_word' id='word_1_234' title='bbox 515 2640 560 2699; x_wconf 85' lang='grc' dir='ltr'><strong><em>και</em></strong></span> <span class='ocrx_word' id='word_1_235' title='bbox 576 2663 602 2698; x_wconf 87' lang='grc' dir='ltr'><strong><em>αι</em></strong></span> <span class='ocrx_word' id='word_1_236' title='bbox 593 2637 784 2708; x_wconf 66' lang='grc' dir='ltr'><strong><em>’διατάξαντες</em></strong></span> <span class='ocrx_word' id='word_1_237' title='bbox 796 2640 841 2696; x_wconf 81' lang='grc' dir='ltr'><strong><em>καί</em></strong></span> 
     </span>
    </p>
   </div>
   <div class='ocr_carea' id='block_1_3' title="bbox 0 0 1006 2922">
    <p class='ocr_par' dir='ltr' id='par_1_7' title="bbox 0 0 1006 2922">
     <span class='ocr_line' id='line_1_32' title="bbox 0 0 1006 2922; baseline 0 0"><span class='ocrx_word' id='word_1_238' title='bbox 0 0 1006 2922; x_wconf 95' lang='lat' dir='ltr'><strong><em> </em></strong></span> 
     </span>
    </p>
   </div>
  </div>
 </body>
</html>
