1960 2926
202 151 273 199 ιιι
295 153 345 200 1x.
375 154 454 202 ιιι.
477 150 568 202 00-
582 119 622 202 σι’
763 150 815 206 200

15 253 134 320 πόλιος“
120 251 186 322 εκοίς
207 255 278 315 ἔνθα
291 255 367 329 55‘
336 281 395 317 τοτε
409 259 423 316 5
437 257 545 344 Ευήνιος
560 242 635 326 σδτος
649 256 816 360 55555555503

16 335 156 440 ίφόλασσε.
183 343 228 397 καί
241 363 299 400 κοτε
317 337 401 400 05505
418 339 658 442 κατακοιμήσαντος
671 339 717 414 τήν
730 348 814 442 ‹5555-
831 360 834 363 ·

15 423 66 493 κήν
88 419 264 498 παρελθόντες
285 421 392 482 λόκοι’
379 448 404 490 ες
425 423 456 484 τὸ
463 421 572 531 όίντρρν
593 426 800 502 διέφθειραν
765 448 817 483 των

15 502 188 582 τιροβοίτωνε
169 528 203 570 ως
216 505 347 578 ἑξήκοντα.
376 505 472 566 555
453 531 488 574 ως
505 505 606 608 εἰιήίσρ,
627 517 680 581 εἶχε
698 507 759 584 σιμή
749 510 817 608 5555

15 592 113 664 ἔφραζε
102 586 226 694 0055555
236 595 262 646 ἐν
275 587 327 664 νόῳ
342 591 405 662 ἒχων
418 589 646 662 ἀντικαταστήσειν
660 588 723 648 5555
735 589 815 666 πριαί-

15 691 102 767 μενρς
133 672 176 728 καί
198 670 229 729 05
250 669 302 748 555
325 675 407 731 ἔλαθε
430 671 491 773 ταώς
509 670 723 774 Ἀπολλωνιήτας
732 674 816 773 0551oe

15 749 155 852 γενόμενα,
175 751 265 811 555³c
246 779 280 821 ως
294 754 439 825 ἐπείθοντο,
458 754 639 858 ὑπαγαγόντες
652 779 694 833 μιν
708 778 761 814 υπο
751 753 814 814 δι-

15 833 185 938 καστρήριον
170 839 326 915 κατέκριναν,
337 838 374 906 ὥς
387 837 434 911 τήν
448 837 562 938 φυλακήν
575 837 814 940 κατακοιμήσαντρ,

15 921 61 993 τής
81 915 155 994 όψιος
179 922 347 1026 ρτερηθήναι
375 927 430 980 ἐπεί
445 946 472 980 τε
490 920 559 980 δὲ
534 945 580 980 τον
599 921 710 994 Είιήνιον
729 920 812 988 ἐξετό-

15 1010 137 1078 φλωσοιν,
160 1000 251 1102 551555
269 1003 334 1078 μετὰ
351 1002 486 1104 ταλίτρι’Ι
453 1029 513 1063 ουιε
528 1002 650 1081 πρόβατά
669 1027 717 1078 σφι
737 1007 815 1062 ἔτικτε

15 1084 78 1146 τότε
95 1083 127 1158 55
142 1085 226 1192 ἔφερε
233 1084 325 1162 ὁμοίως
342 1085 450 1164 καρπόν.
477 1083 619 1194 πρόφαντα
635 1089 666 1146 δέ
682 1109 730 1160 σφι
747 1087 774 1144 ἔν
787 1109 815 1145 τε

15 1165 131 1242 Δωδώνη
151 1171 195 1224 καί
213 1174 239 1226 ἐν
255 1174 415 1275 Δελφοισι
402 1174 512 1245 εμένετο,
540 1175 595 1228 ε’τιεί
615 1193 643 1228 τε
666 1167 815 1246 ἐπειρώτεον

15 1250 77 1316 τοὺς
82 1248 231 1325 προφήτας
248 1249 279 1310 τό
298 1255 380 1310 αίτιον
398 1252 445 1310 505
465 1249 610 1352 παρεόντος
631 1253 719 1310 κακοῦ.
744 1277 770 1310 οι
761 1254 816 1310 εδι’

15 1335 121 1394 νόσοισι
135 1332 275 1434 ἔφραζον“
261 1359 300 1392 οτι
315 1332 444 1435 όιδίκως
418 1357 464 1392 τον
478 1334 593 1408 φόλακσν
606 1335 657 1394 τῶν
671 1337 733 1412 ἱρῶν
746 1353 813 1412 προ-

15 1417 103 1475 ίότων
122 1415 230 1517 Εὐήνιον
247 1415 327 1489 τής”
311 1437 388 1494 οφιος
404 1421 556 1518 ἐπέρησαν·
583 1416 658 1476 55105
669 1415 721 1495 μὰρ
734 1424 813 1494 ἐπορ·

15 1504 99 1574 ιήσαι
117 1497 177 1565 τοὺς
199 1497 300 1606 λύκους,
323 1499 356 1560 05
372 1498 500 1578 πρότερόν
516 1524 544 1559 τε
560 1499 719 1560 παύσεσθαι
736 1525 812 1602 τιμω-

15 1589 116 1685 ρέοντρς
132 1585 215 1658 ἐκείνῳ
230 1585 292 1662 πρὶν
310 1609 326 1656 5
314 1581 416 1650 δίκας
434 1585 550 1643 δῶσι
516 1607 565 1644 των
579 1588 705 1658 ἐποίησαν
717 1582 823 1656 ταότας,

15 1667 70 1734 ιίς
77 1663 112 1722 55
124 1663 204 1732 αὐτὸς
217 1669 303 1768 ἕληται
320 1691 363 1726 και
355 1669 483 1726 δικαιοι·
505 1665 603 1726 τούτων
620 1671 647 1727 δὲ
663 1673 815 1768 τελεομένων

15 1749 91 1810 ιίιτοι
83 1746 202 1807 δώσειν
215 1748 314 1826 ΕίιηνίιρΙ
334 1750 408 1810 δόσιν
425 1749 557 1825 τοιαύτην,
580 1749 626 1824 τήν
642 1749 754 1816 πολλοός
771 1773 815 1826 μιν

15 1837 152 1907 ιακαριεῖν
167 1829 344 1936 όρνθρώιιων”
329 1858 430 1907 εχοντα

79 1920 122 1972 94.
149 1912 188 1972 Τόι
204 1921 251 1992 μὲν
265 1916 411 2023 χρηστήρια
428 1917 512 1977 ταότοί
532 1941 580 1992 σφι
594 1916 727 1994 εμρήσθη,
748 1940 774 1974 οι
764 1917 815 1974 55

15 1997 247 2069 ίπολλωνιήται
233 1997 370 2078 απόρρητα
391 2000 565 2106 ποιησόμενοι
587 2005 742 2076 προέθεσαν
763 1998 815 2056 τῶν

15 2081 102 2143 ιστῶν
126 2077 238 2182 5555500
259 2083 406 2190 διαπρήξρι.
434 2109 459 2142 σι
451 2087 510 2142 55
531 2107 579 2158 σφι
600 2085 759 2159 διέπρηξαν
756 2073 813 2140 τόδε.

15 2167 158 2239 ατημὲνου
171 2163 312 2237 555500’
299 2188 326 2223 εν
343 2164 424 2242 θώκῳ
439 2165 559 2232 ἐλθόντες
578 2190 603 2224 οι
594 2167 755 2241 παρίζοντο
770 2166 816 2222 καί

18 2247 107 2324 όμους
122 2243 215 2314 ἄλλους
229 2249 368 2316 ἐποιεῦντο,
383 2256 407 2315 ἐς
422 2247 437 2308 5
451 2250 602 2324 κατέβαινον
616 2246 815 2324 συλλυπεύμενοι
855 2258 857 2268 '

17 2327 157 2407 ᾥποίθεϊ.
185 2328 266 2407 ταότῃ
286 2333 313 2389 δὲ
330 2329 475 2408 ὑπάγοντες
492 2329 610 2408 εἰρώτευν
625 2335 683 2390 τίνα
697 2333 767 2402 δίκην
782 2327 814 2387 όίν

15 2423 100 2480 λοιτο,
111 2413 135 2470 εἰ
150 2417 264 2472 ἐθέλοιεν
269 2411 466 2486 Ἀπολλωνιῆται
478 2413 612 2480 δίκαςόπο
617 2414 708 2485 στήναι
722 2412 814 2472 δώσειν

15 2498 58 2557 τόν
75 2498 212 2566 ἐποίησαν.
242 2493 298 2554 555
312 2495 358 2554 055
372 2493 486 2568 ἀκηκοώς
504 2495 535 2555 τὸ
551 2495 720 2573 θεοπρόπιον
732 2499 813 2554 είλετο

15 2588 93 2646 λ’πας,
109 2582 138 2635 εἷ’
147 2581 184 2644 τίς
199 2580 224 2637 σί
238 2581 295 2650 δοίη
309 2577 413 2656 ἇμροίις,
431 2579 482 2636 τῶν
497 2576 584 2636 ἆστών
599 2577 732 2654 δνομάσας
745 2584 814 2636 τοῖσι

15 2666 141 2723 πίσιοιτο
157 2657 224 2722 εἶναι
236 2665 385 2728 καλλίστους
399 2659 445 2721 550
459 2658 565 2740 κλήρους
578 2660 629 2720 τῶν
643 2667 669 2720 ίν
681 2659 811 2740 τῇἏπολ-

884 2827 965 2894 15
