2008 2922
154 159 203 212 224
247 169 249 176 ‘
448 163 651 210 HERODOTI

153 260 230 343 ησάν
237 291 324 344 σφεων
336 264 408 328 άλλοι
421 266 585 346 δοκιμώτεροι
598 270 625 326 έν
637 289 667 345 γε
676 264 850 337 Ἀθηναίοισι
868 261 976 345 ανδρες,

155 351 213 413 οὐδ’
230 377 256 411 οι
244 353 364 428 μαλλον
378 356 527 428 ἐτετιμέατο.
548 348 615 409 ούτω
630 347 690 409 οίιδὲ
703 345 827 424 λόγος’
795 354 888 425 αιρέει
905 349 973 408 ἇνο

155 435 320 509 δεχθῆναι”
305 457 332 493 εκ
352 458 383 511 γε
404 433 437 493 άκ
458 431 556 492 τούτοιν
574 429 675 490 ἇσπίδοι
692 433 733 490 ἐπὶ
750 429 870 506 τοιούτῳ
891 431 973 535 λόγρ,

155 518 286 590 ἇνεδέχθη
303 521 350 592 μίν
366 517 419 594 γάρ
436 515 528 620 άρπλς,
550 516 593 574 καί
597 515 683 614 ,τούτο
697 511 743 571 ούκ
756 513 813 570 έστι
826 487 959 581 άλλως’
936 539 971 573 ει-

155 607 225 659 πεῖν·
247 604 345 675 ἐγένετο
363 599 427 678 γάρ·
449 598 478 665 ὃς
493 602 580 675 μέντοι
594 619 626 668 ην
646 621 661 658 ο
651 593 821 664 άναδίξας,
845 594 902 656 οὖν
922 601 972 671 έχω

156 687 311 759 προσωτέρω
324 682 404 740 είπεῒν
416 679 522 740 τούτων.

219 771 276 822 125.
301 765 333 822 Οἱ
350 766 378 822 δέ
391 751 618 840 Ἀλκμαιωνίδαι
601 785 671 835 ησαν
689 765 735 838 μέν
751 761 796 818 καὶ
813 757 851 818 τά
869 760 966 821 ἆνέκσ·

156 853 210 906 θεν
222 848 362 922 λαμπρολ’
349 869 376 904 εν
388 847 449 922 τῆσι
459 843 640 924 Ἀθηνῃσι,
626 869 680 904 απο
670 843 720 902 δὲ
730 841 967 918 Ἀλκμαίωνος
926 871 967 903 και

157 919 230 995 αύτις
248 929 430 1004 Μεγακλέος
421 935 537 1005 εγένοντο
558 930 603 986 καί
624 925 707 1031 κάρτα
721 931 855 1002 λαμπροί.
889 929 965 988 τοῦτο

157 1015 203 1088 μὲν
215 1008 268 1089 γάρ
277 1009 385 1087 Αλκμαί
383 1034 418 1070 ων
436 1037 451 1070 ο
440 1010 616 1086 ’Μεγακλέος
632 1016 702 1068 τοῖσι
720 1015 746 1066 ίκ
760 1011 889 1085 Σαρδίων
906 1019 962 1068 At

157 1098 228 1198 δρῖσι
244 1091 321 1171 παρά
337 1091 489 1171 Κροίσου’
475 1097 681 1169 απικνεομένοισι
697 1093 740 1151 ίπί
756 1089 787 1149 τό
799 1091 965 1169 χρηστήριον

156 1173 188 1235 τδ
202 1182 228 1234 έν
239 1179 365 1252 Δελφοῖσι
382 1173 552 1267 συμπρήκτωρ
569 1199 597 1236 τε
615 1179 709 1251 έρίνετο
725 1197 769 1231 και
760 1173 965 1252 στμελάμβανι

105 1305 111 1310 .
157 1257 312 1336 προθύμως,
326 1264 371 1317 καί
381 1283 424 1337 μιν
438 1260 554 1366 Κρρίσος
567 1256 728 1343 πυθόμενος
735 1257 787 1314 τῶν
800 1259 952 1316 Λυδῶν
917 1281 966 1317 τοι

158 1348 183 1407 ές
201 1339 234 1400 τόι
250 1340 397 1420 χρηστήρια
415 1347 569 1416 φοιτέοντων
587 1338 682 1400 ἑωυτόν
699 1329 729 1398 εδ
744 1343 854 1408 ποιέειν,
883 1366 963 1418 μετα·

158 1426 286 1498 πέμπεται
299 1431 323 1490 ἐς
336 1422 471 1532 Σάρδις,’
457 1422 611 1502 απικόμευον
623 1427 651 1482 δὲ
664 1426 784 1500 δωρέεται
794 1425 903 1500 χρυσῷ,
922 1424 965 1484 τόν

160 1502 193 1562 ὃν
206 1503 363 1577 δύνηται
328 1531 364 1582 τερ
382 1509 477 1608 ἑριυτομ
497 1507 603 1583 στόματι
615 1511 795 1573 ἐξενείκασθαι
810 1505 963 1574 ἐσάπαξ.Ι
951 1533 964 1566 ο

159 1589 187 1644 δέ
197 1583 337 1661 Ἀλκμαίων
355 1587 421 1664 πρός
439 1585 486 1661 τὴν
504 1587 631 1666 δωρεὴν’
617 1590 714 1648 εούσαν
731 1585 856 1660 τοιαύτην
876 1589 964 1649 τοιάδε

159 1667 328 1739 ἐπιτηδεύσας
339 1676 495 1771 προσέφερε·
511 1669 583 1737 ἐνδύς
595 1671 699 1729 κιθῶνα
711 1675 794 1770 μέγαν
807 1695 852 1728 και
843 1671 964 1733 κόλποι

159 1747 241 1809 πολύν
254 1752 462 1862 καταλιπόμενος
469 1778 516 1812 τοο
503 1753 656 1821 κιθῶνος,
678 1751 828 1860 κοθόρνους
841 1754 909 1822 τούς
923 1755 963 1814 εύ-

160 1857 232 1910 ρισκε
249 1831 403 1912 εὐρυτάτους
420 1835 509 1902 ἐόντας
526 1833 759 1912 ύποδησάμενος”
741 1843 781 1908 η’ίε
799 1842 825 1902 ές
842 1835 896 1898 τόν
909 1846 962 1910 θη-

161 1915 286 1994 σαορόν,
294 1922 320 1984 ές
342 1917 387 1977 τόν
407 1921 433 1978 οἳ
453 1923 616 1996 κατηγέοντο.
643 1916 760 1977 ἐσπεσὼν
781 1921 808 1976 δέ
832 1925 857 1984 ἐς
878 1921 965 1999 σωρόν

159 1998 309 2076 ψήγματος,
331 2002 423 2078 πρῶτα
438 2006 484 2076 μὲν
499 2007 632 2079 παρέσαξε
649 2000 724 2080 παρὰ
742 1999 789 2066 τὰς
800 2024 905 2077 κνημας
918 2005 963 2062 τοῦ

157 2083 260 2182 χρμσού
274 2077 339 2140 δαλόν
352 2081 499 2158 έηοόρεονε
474 2108 500 2141 οι
512 2083 654 2190 κόθορνοι,
674 2083 740 2185 μετὰ
757 2081 830 2140 δὲ’
802 2107 851 2142 τον
864 2085 962 2145 κόλπον
986 2099 987 2129 ³

159 2161 247 2227 πάντα
261 2162 424 2240 πλησάμενος
440 2165 541 2241 χρυσοό
558 2170 602 2225 καὶ
620 2165 686 2233 ές
658 2191 705 2234 τας
716 2171 805 2244 τρίχας
818 2168 866 2239 τῆς
879 2193 958 2244 κερο-

160 2246 204 2318 λῆς
218 2245 352 2316 διαπάσας
364 2248 412 2306 τού
423 2245 570 2324 ψήγματος,
583 2273 627 2306 και
617 2247 702 2308 άλλο
711 2247 800 2353 λαβρλν
813 2249 879 2316 ἐς
851 2273 884 2311 το
899 2251 957 2311 στό-

158 2351 209 2401 μα,
237 2326 402 2399 ίξήῒεέκτοο
389 2330 571 2433 ”θησαυρρό,
598 2332 674 2389 ἕλκων
686 2337 732 2408 μέν
744 2329 821 2432 μόγις
838 2333 903 2402 τούς
916 2359 956 2394 κο-

158 2407 288 2485 θόρνους,
309 2414 390 2469 παντὶ
407 2414 437 2470 δέ
447 2435 496 2487 τεῳ
509 2410 583 2519 οίμός
590 2411 724 2513 μᾶλλον*
707 2439 723 2485 η
738 2411 891 2491 ἇνθράπῳ,
915 2417 958 2478 τού

158 2487 189 2588 τό
207 2514 235 2548 τε
253 2489 339 2566 στόμα
357 2495 480 2568 ἐβέβυστο
498 2498 543 2552 καὶ
559 2493 646 2552 πάντα
660 2493 794 2571 εξόγκωτο.
822 2497 916 2561 ἰδόντα
933 2504 959 2559 δέ
980 2529 983 2588 ρ

157 2568 204 2626 τόν
216 2579 337 2678 Κροίσου
349 2581 427 2649 γέλως
440 2577 545 2646 εσηλθε,
559 2579 642 2634 καί’
616 2601 641 2635 οι
654 2576 741 2634 πάντα
754 2601 783 2635 τε
796 2583 879 2682 έκεινμ
893 2586 982 2642 διδοῖ

134 2650 139 2658 ’
157 2653 201 2707 καί
213 2651 280 2728 πρὸς
293 2657 367 2732 ἕτερα
382 2657 549 2735 δρρέειαι
521 2683 567 2717 ουκ
583 2657 685 2718 ἐλάσσω
698 2664 801 2718 ἐκείνων.
831 2659 901 2728 ούτω
911 2671 956 2744 μέν
981 2645 982 2701 λ
