2030 3040
157 195 188 230 vr
463 178 645 228 euuuinrs.

155 279 261 320 auctores
274 273 488 332 comprehenderem
502 273 543 318 sed
553 272 672 318 Demarati
683 270 777 318 alterius
791 275 852 328 repis
867 275 961 320 artibus

155 350 242 392 factum
259 351 307 398 est,
324 352 351 390 ut
367 348 456 392 iniecta
469 360 497 391 ra
509 347 573 391 abira
587 349 705 400 cogeretur
718 359 738 389 e.
753 350 788 398 50,
803 350 838 390 ti·
854 345 907 391 Iam
921 349 960 392 uhi

156 420 248 476 copiose
264 419 291 462 de
301 418 466 476 Spartanorum
476 419 566 473 iegibus
576 421 612 462 est
621 419 753 474 expositum
763 431 782 462 c.
792 423 820 462 52
828 441 857 452 —
866 421 903 462 bb·
915 433 963 474 quo

155 491 222 534 modo
233 489 366 554 Cleomenes
376 492 523 535 Demaratum
537 489 602 544 regia
617 493 734 546 potestate
750 490 886 546 privaverit,
905 504 964 535 nar·

155 567 226 607 ratur.
255 565 299 614 Qui
314 576 381 616 quum
395 575 410 605 a
423 561 575 616 Leotychide,
589 563 613 604 in
626 563 675 605 eius
691 561 766 605 locum
782 552 891 614 suffecto,
906 576 964 608 con·

155 633 275 680 tumeliose
290 634 380 678 habitus
393 637 466 685 esset,
479 635 504 677 in
513 633 591 677 Asiam
601 633 631 676 ad
639 647 716 688 regem
725 635 851 688 transfugit
860 648 880 678 c·
891 638 920 680 os
932 660 964 672 -

154 711 190 751 10.
211 706 344 752 Cleomenes
361 709 437 750 autem
456 719 523 762 quum
540 717 651 750 unctum
668 719 727 750 novo
741 705 831 760 collega
845 705 963 761 Aeginam

154 791 258 824 reversus
272 791 378 834 proceres
386 777 547 831 Aeginetarum
561 777 737 834 comprehensor
746 776 928 823 Atheniensibus
938 781 964 824 in

154 851 281 894 custodiam
299 849 444 899 tradidisset,
462 849 544 900 fraude
558 861 603 904 qua
618 849 766 902 Demaratum
780 851 964 896 circumvenerat

155 922 245 966 detecta
254 923 350 978 primum
359 922 384 964 in
391 919 544 972 Thessaliam,
554 926 602 965 tum
610 921 635 964 iu
642 921 764 966 Arcadiam
773 923 887 976 confugit3
903 929 964 980 post

154 992 262 1050 Spartam
274 995 393 1036 revocatus
405 995 430 1037 in
442 993 555 1036 insaniam
568 993 667 1044 incidit,
678 993 741 1038 euius
756 1007 849 1038 caussae
860 1008 879 1038 c.
890 999 922 1056 'tt
931 1021 964 1030 -

154 1059 190 1111 bt.
204 1069 350 1116 enarrantur,
365 1077 434 1122 seque
447 1065 497 1121 ipse
511 1065 582 1110 foede
594 1066 718 1110 trucidavit
732 1079 751 1110 c.
765 1069 791 1110 ¹1³
800 1069 871 1110 —tu
884 1065 963 1121 Aegi-

148 1142 222 1183 ,netae
239 1141 315 1182 autem
328 1151 395 1194 quum
408 1134 476 1180 cive!
483 1149 536 1180 suros
546 1136 650 1180 Athenas
667 1138 776 1182 abductos
789 1139 875 1184 frustra
886 1151 964 1195 repe·

156 1211 273 1261 tivissent,
287 1209 464 1254 Atheniensibus
476 1208 562 1254 bellum
575 1207 701 1253 intulerunt
715 1224 733 1254 c.
743 1214 770 1254 85
779 1233 808 1244 -
816 1212 850 1254 bt.
864 1209 964 1256 Interea

156 1283 225 1327 Datis
239 1285 263 1326 et
271 1280 429 1338 Artaphernes
444 1282 469 1325 in
478 1281 594 1326 Mardonii
604 1279 684 1337 ,locum
694 1281 796 1333 suffecti,
812 1295 861 1326 cum
869 1285 965 1336 maguis

157 1355 231 1410 copiis
240 1351 392 1397 in'Graeeiam
401 1354 550 1405 traiecerunt,
563 1351 658 1397 Naxum
667 1357 800 1410 ceterasque
807 1351 897 1398 insulas
907 1357 965 1400 sub-

158 1429 263 1480 egerunt,
286 1424 360 1469 classe
378 1415 414 1467 'ad
432 1425 548 1470 Euboeam
567 1423 666 1483 appulsa
683 1425 799 1470 Eretriam
820 1439 864 1484 per
880 1429 965 1484 prodi-

157 1499 243 1541 tionem
263 1501 373 1552 ceperunt
388 1509 407 1540 c.
422 1500 451 1541 94
462 1519 492 1532 -
505 1501 554 1543 101.
568 1497 644 1542 Victis
660 1497 757 1542 Erebiis
770 1499 856 1543 Persae
871 1499 966 1556 Hippia

159 1569 248 1612 ducein
257 1567 358 1612 Atticam
367 1571 420 1612 suut
428 1570 575 1624 transgressi,
591 1570 632 1614 sed
641 1571 673 1614 ad
682 1569 840 1615 Marathonem
849 1571 878 1614 ab
888 1570 966 1618 Athe-

157 1641 274 1685 niensibus
288 1644 313 1684 et
321 1639 497 1686 Plataeensibns
505 1643 611 1688 Miltiade
626 1643 682 1687 duce
695 1644 750 1687 victi
763 1644 787 1688 in
796 1643 876 1688 Asiam
884 1645 968 1690 redie-
1007 1657 1008 1660 ’

88 1756 97 1765 ,
156 1717 217 1764 runt,
224 1722 322 1769 quosque
327 1711 493 1758 Eretriensium
503 1717 619 1772 ceperant,
625 1728 699 1760 seeum
709 1711 879 1760 abduxerunto·
885 1721 969 1760 102-

98 1779 104 1784 ⁹
159 1789 207 1830 120.
220 1783 265 1828 Ille
278 1789 381 1842 tempore
390 1785 566 1832 Alcmaeonidae
576 1787 715 1844 proditionis
725 1792 778 1832 sunt
787 1789 900 1832 accusatir
916 1804 968 1846 quo

158 1857 251 1901 crimine
264 1855 401 1902 liberaturus
415 1871 456 1901 eos
464 1858 595 1904 Herodotus
605 1861 655 1904 eius
664 1860 767 1905 familiae
777 1859 898 1904 historiam
907 1863 968 1906 sub-

157 1930 208 1973 iicit
221 1943 240 1974 c·
254 1933 333 1974 121-
342 1933 390 1974 131.
404 1929 463 1974 Post
475 1944 574 1988 pugnam
588 1931 757 1976 Marathoniam
766 1931 898 1982 Miltiades,
914 1933 968 1979 iam

158 1999 280 2058 plurimum
289 2001 386 2046 Athenis
400 2001 502 2058 pollens,
517 2008 614 2061 accepta
622 2015 676 2048 cxx
689 2007 779 2050 navium
789 2003 863 2049 classe
873 2004 967 2052 Parum

156 2071 256 2118 insulam
266 2075 359 2118 adortus
369 2077 412 2126 aet,
421 2075 543 2120 sedl’ariis
552 2077 679 2122 fortissime
687 2077 854 2127 resistentibus,
863 2075 966 2124 vulnere

135 2165 139 2172 *
158 2147 229 2191 etiam
241 2141 348 2203 a'cccpto,
361 2145 464 2191 Athones
477 2147 564 2192 intecta
576 2161 602 2194 rc
617 2151 703 2194 reverti
716 2153 808 2194 coaetus
822 2149 907 2206 eapitis
924 2157 966 2196 est

124 2232 128 2237 ⁴
159 2215 285 2270 accusatus,
295 2219 336 2262 sed
344 2222 440 2276 propter
449 2219 607 2266 Marathoniae
616 2233 705 2277 pugnae
715 2221 823 2266 ethemni
833 2225 965 2277 occupatae

159 2291 242 2334 merita
254 2291 351 2348 pecunia
363 2293 451 2338 tantum
464 2291 573 2336 multatus
586 2306 606 2336 e.
619 2296 661 2337 1³2
673 2316 703 2328 -
717 2297 764 2338 136.
777 2294 827 2344 ‘Quo
840 2291 892 2336 loco
906 2291 965 2349 pln-

159 2362 222 2405 ribus
242 2363 360 2408 disseritur
376 2363 405 2408 de
419 2363 505 2410 Lemno
519 2363 595 2410 insula
609 2367 703 2423 eiusque
718 2363 800 2412 incolis
812 2362 921 2420 Pelasgis
939 2380 964 2412 e.

162 2436 202 2476 tat
211 2455 241 2468 ·-
250 2439 299 2480 110.
