1996 2922
214 183 831 252 flammulam-951⁷

35 320 64 356 τε
84 323 101 356 ο
87 294 230 372 Ααρείου
246 295 293 350 καί
307 289 475 369 Πρηξάσπης
494 291 510 350 5
524 290 693 352 Ἀσπαθίνεω
711 297 755 354 καί
772 305 831 356 Ms-

35 377 112 456 γάβα
114 383 156 446 ζος
174 371 371 452 ὃΜεγαβάτεω
388 377 433 431 καί
446 372 624 476 Ἀχαιμένης
610 401 626 435 ο
645 381 769 454 Δαρείου,
790 383 835 451 τῆς

37 465 84 536 μέν
92 458 179 524 Ἰάδος
194 481 229 516 τε
239 481 283 514 και
274 455 410 532 Καρικῆς
427 459 549 533 στρατιῆς
562 455 755 536 Ἀριαβίγνηςε
741 485 757 520 ο
775 467 832 519 Aa·

38 547 111 619 ρείου
127 563 155 598 τε
170 545 232 606 παῖς
249 539 353 610 καὶτῆς
371 536 496 614 Γωβράεω
513 539 662 616 θυγατρός·
686 543 834 618 Αἰγυπτίων

40 627 103 681 δὲ
89 619 244 700 εστρατήγεε
257 619 405 696 Ἀχαιμένης
426 625 524 698 Ξερξιω
547 620 631 679 ίόν’
617 621 664 680 εντ’
685 621 835 702 άμφοτέρων

40 704 176 780 άδείφεὸς,
197 705 242 776 τῆς
264 705 291 760 δέ
310 700 385 774 ἄλλης
407 705 529 779 στρατιῆς
547 703 718 810 ἐστρατήγεον
736 731 761 766 οι
752 706 834 767 (δύο,
870 751 875 756 .

38 785 212 865 τριηκόντεροι
216 787 256 843 δέ
272 787 316 843 καὶ
329 782 521 884 πεντηκόντεροι
533 788 577 844 καί
589 791 720 864 κέρκουροι
733 789 777 846 καί
790 814 833 847 ιπ-

38 893 154 946 παγωγα
145 867 247 928 ’πίοῖα
257 863 346 946 μακρά
359 867 549 928 σιινείθόντα’
535 892 560 959 ες
573 867 619 927 τόν
628 867 745 948 άριθμὸν
754 869 835 944 ἐφάνη
938 913 945 930 ,

35 957 172 1030 τρισχίλια.

103 1041 146 1094 98
172 1035 229 1093 Ίίόν
243 1039 270 1094 δὲ
287 1032 457 1094 ἐπιπλεόντων
471 1032 539 1110 μετά
553 1056 585 1110 γε
597 1033 661 1102 τούς
674 1036 835 1138 στρατηγοὺς

39 1106 133 1176 οἵδε
117 1132 186 1188 ησαν
209 1121 235 1181 οἱ,
252 1117 471 1219 όνρμαστότατοι,
497 1115 620 1182 Σιδώνιος
641 1117 835 1223 Τετράμνηστος

33 1197 161 1268 Ἀνόσου,
188 1203 232 1258 καί
256 1198 349 1277 Ῥάριος
371 1197 475 1270 Μάπην
497 1196 631 1275 Σιρώμου,
658 1223 702 1256 και
693 1197 835 1276 Ἀράδιος

40 1283 182 1358 Μέρβαλος
192 1279 330 1359 Ἀγβάλου,
352 1285 396 1340 καί
408 1292 437 1340 Κ
436 1285 485 1347 ίίιξ
497 1285 630 1346 Συέννεσις
640 1279 833 1358 Ὠρομέδοντος,

38 1367 86 1422 καὶ
102 1361 201 1430 Λάκιος
215 1367 392 1440 Κυβερνίσκος
408 1367 486 1430 Σίκα,
507 1364 552 1420 καί
563 1360 680 1470 Κάπριον
693 1363 795 1440 Γόργος
807 1387 834 1422 τε

41 1445 58 1505 5
71 1449 180 1522 Χέρσιος
192 1470 237 1505 και
227 1443 396 1522 Τιμάναξό
414 1442 572 1544 Τιμαγόρεω,
590 1447 635 1502 καί
647 1450 746 1522 Καρῶν
756 1445 831 1506 Ἱστι-

42 1525 103 1593 αῖός
115 1550 141 1586 τε
154 1528 169 1587 5
186 1529 289 1605 Τόμνεω
302 1531 346 1597 καὶ
359 1531 460 1604 Πίγρης
474 1551 490 1585 ο
478 1525 641 1603 εΣελδιόμου
654 1552 697 1586 και
689 1531 831 1656 Aapaut'-

38 1609 153 1688 θνμος“
142 1635 156 1668 ο
169 1610 334 1671 Κανδαύλεω

104 1698 147 1751 99.
172 1696 229 1752 Ίίῧν
244 1699 290 1770 μέν
302 1715 348 1752 νυν
367 1689 490 1752 άλλων
461 1717 494 1752 ου
510 1698 713 1772 παραμεμνημαι
724 1701 831 1772 ταξιαρ-

37 1780 105 1852 χέων
117 1773 152 1841 τίς
165 1774 211 1834 οίικ
225 1775 436 1853 ἀναγκαζόμενος,
446 1774 602 1852 Ἀρτεμισίης
615 1779 694 1845 δέ,
664 1801 708 1849 της
720 1777 834 1882 μάλιστα

40 1864 141 1933 θῶυμα
154 1859 286 1936 ποιεόμαι,
309 1862 351 1918 ἐπὶ
367 1858 413 1931 τὴν
423 1857 532 1917 Ἑλλάδα
551 1864 773 1934 στρατευσαμένης
785 1881 832 1933 γυ-

40 1937 141 2008 ναικὸς,
161 1940 215 2012 η’τις
234 1939 421 2007 ἀποθανόντος
437 1940 485 1998 τοό
502 1937 596 2016 ἀνδρὸς
613 1938 677 2044 αὕτη
694 1963 722 1996 τε
736 1942 833 2010 ἔχουσα

39 2047 88 2095 την
103 2026 241 2099 τυραννίδα
258 2049 302 2082 και
292 2021 445 2090 παιδὸς
430 2019 594 2098 υπάρχονιος
607 2026 709 2092 νεηνίεω
720 2018 774 2078 55
788 2019 832 2092 λη-

38 2101 124 2184 ματός
135 2129 163 2164 τε
175 2131 218 2166 και
209 2106 380 2184 ότνδρη“ίης’
361 2103 548 2207 εστρατεόετο,
567 2101 685 2178 οὗδεμιῆς
703 2099 834 2173 ἐαόσης
808 2127 834 2161 οι

40 2187 189 2272 ἀναγκαίης.
218 2187 318 2266 οίίνομα
331 2195 376 2266 μέν
390 2178 455 2259 δη
438 2209 470 2258 ην
484 2183 549 2264 αότη
537 2183 716 2262 Ἀρτεμισίη,
738 2182 831 2259 θυγά-

39 2293 90 2370 τηρ
112 2272 174 2328 δέ’
158 2295 193 2342 ην
211 2269 393 2348 Λυγδάμιος,
396 2275 471 2347 γένος
490 2271 518 2326 δὲ
540 2274 567 2334 έξ
583 2265 828 2343 Ἀλικαρνησσοόι
799 2291 834 2324 τα

39 2349 111 2430 πρός
124 2352 237 2430 πατρὸς,
259 2353 294 2413 τά
308 2351 443 2432 μητρόθεν
461 2354 488 2409 δέ
501 2350 626 2427 Κρῆσσα.
651 2346 806 2424 ἦγεμόνευε
806 2350 834 2405 δί

36 2435 254 2513 Ἁλικαρνησσέων
270 2461 298 2496 τε
313 2440 357 2515 καί
373 2433 457 2496 Κόων
474 2436 518 2491 καί
533 2435 666 2508 Νισυρίων
676 2455 704 2489 τε
710 2455 760 2532 και
751 2433 832 2490 Κα-

39 2519 157 2586 λυδνίων,
178 2522 253 2577 πέντε
274 2514 333 2585 νίας
351 2521 519 2594 παρεχομένη.
547 2517 591 2572 καί
613 2511 768 2588 συναπάσης
789 2515 834 2590 της

41 2621 170 2676 σιρατιης,
179 2599 249 2700 μετά
260 2625 291 2677 γε
303 2599 350 2666 τάς
359 2603 495 2666 Σιδωνίων,
508 2601 569 2684 νέας
578 2593 751 2664 εόδοξοτάτας
761 2617 832 2673 παρ-

41 2687 139 2756 είχετο,
158 2682 262 2742 πάντων
279 2686 309 2740 δέ
323 2682 374 2742 τόν
392 2676 532 2760 συμμάχων
547 2677 651 2758 γνώμας
661 2677 834 2756 άρίυταςβα-

915 2807 982 2884 Δ
