1996 2922
210 208 282 256 ειε.
304 210 369 258 v11.
396 211 474 258 σοι.
489 203 639 276 ἱεε-ιο.
825 209 858 263 ιιι

146 310 154 332 ι
225 315 238 336 α
332 311 341 332 τ
364 311 369 330 ι
391 319 423 341 μ,
465 312 468 320 =
502 313 511 333 ε
537 311 545 332 ι
644 321 652 340 ,

64 335 200 392 φροσυνης
213 336 295 372 εινεκα
310 339 374 373 αυτο
388 320 481 391 ,ειρξης
498 338 620 390 ορυσσειν
638 320 743 387 εκελευε,
764 319 861 378 δθὲλων

63 421 94 456 τε
117 395 226 470 δύναμιν
248 395 456 455 άποδείκνυσθαι
480 399 524 454 καί
544 395 696 498 μνημόσρνα
718 405 860 459 λιπέσθαι·

64 477 168 556 παρεόν
190 477 242 554 γὰρ
262 481 358 554 μηδένα
377 475 462 536 πόνον
482 477 657 552 λαβόντας
630 503 677 539 τον
696 479 798 556 ἰσθμὸν
814 482 862 550 τάς

64 565 125 627 νίας
138 558 311 638 διειρύσαι,
299 558 420 636 ορύσσειν
438 565 530 618 ἐκέλευε
547 561 709 636 διώρυχα
678 586 709 639 τῃ
728 562 859 641 θαλάσσῃ

65 635 141 720 εὖρος
155 642 189 708 ὦς
203 640 250 700 δύο
262 641 380 719 τριήρεας
392 642 502 700 πλέειν
489 667 555 719 ομου
543 645 774 744 ἐλαρτρευμίνας.
793 671 861 705 τοισι

65 724 140 784 δὲ’
108 749 211 784 αυτοισι
227 722 353 792 τούτοισι,
370 729 439 783 τοισί
450 723 499 802 πἐρ
512 728 557 784 και
568 723 600 784 τὸ
612 723 721 802 όρυγμα,
735 732 859 804 προσεῖτ’·

65 831 145 866 ταιιτο
159 809 203 865 καὶ
216 805 262 865 τὸν
271 805 407 910 Στρυμόνα
419 806 539 914 πρταμόν
553 806 689 876 ζεύξαντας
702 811 859 886 γεφυρῶσαι.

129 897 168 947 25.
193 889 281 948 Ταύτα
294 894 339 965 μέν
355 912 401 947 νυν
414 888 482 949 ούτοι
499 894 588 948 ἐποίεε.
615 891 820 968 παρεσκευάζετο
833 895 861 950 δι’

62 973 109 1030 καί
123 970 192 1031 ὅπλα
206 977 231 1036 ἐς
243 969 291 1036 τάς
304 971 420 1048 γεφύρας
432 970 538 1047 βύβλινά
551 995 578 1031 τε
591 975 634 1030 καί
642 979 792 1042 λευκολίνου,
803 981 858 1034 ἔπι-

61 1053 146 1122 τάξας
162 1057 260 1121 Φοίνιξί
272 1077 298 1116 τε
311 1057 354 1112 ιιοιί
367 1055 544 1130 Αἰγυπτίοισι,
561 1057 606 1112 καί
623 1061 692 1113 σιτία
706 1056 737 1132 τῇ
752 1057 859 1133 στρατιῇ

62 1134 243 1210 καταβάλλειν,
261 1138 304 1194 ἵνα
317 1135 352 1212 μὴ
366 1135 474 1212 λιμήνειε
489 1136 506 1209 ἢ
521 1135 627 1213 στρατιὴ
640 1140 703 1212 μηδὲ
716 1137 749 1195 τά
762 1138 858 1206 ίπτσζύ-

62 1243 110 1320 γιμ
124 1217 279 1295 ἐλαυνόμενα
292 1223 333 1278 ἐπί
346 1217 391 1291 τὴν
401 1218 516 1277 Ἑλλάδα.
535 1218 746 1296 Ιάνοιπυθόμενος
760 1223 788 1278 δὲ
799 1219 860 1287 106,-

60 1300 164 1379 χῶρους
175 1300 341 1377 καταβάλλειν
354 1305 471 1361 666ss
459 1325 501 1360 ινα
515 1301 755 1374 ἐντιτηδεώτατον”
728 1326 773 1375 ειη,
784 1300 860 1360 ἄλλον

29 1452 33 1455 ,
62 1383 157 1462 άλλῃ’
143 1389 288 1461 αγινίοντας
303 1383 393 1445 ὁλκάσι
404 1409 431 1444 τε
443 1409 487 1442 και
478 1386 700 1462 πορθμῃ·ίοισι’
687 1409 713 1442 εκ
725 1381 860 1457 τίχςἈσίιγς

64 1466 247 1541 πανταχόθεν
275 1466 321 1527 τόν
339 1469 398 1526 66’
379 1457 415 1526 ὧν
427 1473 574 1526 πλεῖστον’
561 1491 586 1534 ες
599 1465 699 1539 Λευκὴν
708 1465 796 1540 'Amr
808 1493 857 1525 κα-

62 1555 182 1628 λεομένην
199 1551 243 1622 τῆς
264 1553 372 1628 Θρηίκης
389 1549 502 1628 άγίνεον,
529 1575 555 1610 οι
545 1553 631 1608 ‘66'
617 1575 641 1617 ες
656 1549 839 1627 Τυρόδιζαν
812 1573 859 1624 τιμ
926 1573 949 1598 ·-

62 1637 229 1712 Περινθίων,
251 1658 277 1692 οι
268 1636 317 1693 εδὲ
335 1641 359 1701 ἐς
373 1639 513 1710 Δορίσκον,
537 1659 562 1692 οι
553 1634 600 1692 66
613 1632 656 1700 ἐς
653 1632 745 1701 Ηςόνα
758 1631 804 1706 τίν
816 1636 858 1692 ἐπί

63 1713 201 1794 Στρυμόνι,
216 1739 242 1775 οι
232 1718 307 1776 ‘66’
294 1741 319 1782 ες
332 1721 497 1789 Μακεδονίην
510 1719 707 1793 διατεταγμένοι.

127 1805 169 1858 26
183 1797 228 1857 Ἐν
245 1824 282 1874 τῳ
267 1801 375 1857 δὲ’
347 1825 418 1858 ουτοι
434 1797 482 1858 τὸν
497 1805 667 1876 προκείμενον
679 1797 762 1858 πόνον
778 1797 856 1875 ἐργά-

64 1887 146 1952 ζοντα,
161 1880 283 1956 ἐντούτῳ
298 1880 434 1950 ὅπεζὸς“
418 1905 488 1948 απας
502 1879 724 1981 συλλελεγμένος“
708 1905 761 1956 αμα
777 1886 857 1986 Ξέρξῃ

63 1960 201 2042 ἐπορεύετο
223 1971 249 2030 ἐς
270 1963 378 2042 Σάρδις,
400 1971 427 2022 ἐκ
448 1962 597 2040 Κριτάλλων
620 1962 746 2040 ὁρμηθείς
763 1963 814 2020 τῶν
832 1969 859 2020 ἐν

63 2049 257 2123 Καππαδοκίῃ·
282 2048 401 2106 ίνθαύτα
418 2044 470 2147 γάρ
484 2051 568 2122 εἶ’ρητο
582 2050 756 2120 συλλέγεσθαι
769 2037 858 2102 πάντα

62 2128 110 2189 τόν
125 2127 183 2187 κατ’
198 2127 302 2206 η’πειρον
314 2127 465 2206 μέλλοντα’
448 2153 511 2230 αμα
516 2127 584 2204 αύτῷ
599 2133 679 2204 Ξέρξῃ
689 2125 859 2227 πορεύεσθαι

64 2209 186 2290 στρατόν.
214 2211 243 2278 ός
260 2217 306 2288 μέν
322 2235 367 2270 νυν
384 2212 435 2270 τῶν
455 2209 580 2288 υπάρχων
602 2208 714 2286 στρατὸν
735 2206 858 2266 κάλλιστα

63 2293 246 2395 ἐσταλμίνρν
231 2293 339 2371 αγαγιδν
351 2291 384 2352 τά
398 2299 550 2370 προκείμενα
563 2315 637 2393 παρρι
628 2291 769 2367 βασιλέος
784 2293 859 2390 ἔλαβε

62 2378 148 2456 δῶρα,
168 2374 214 2436 ούιι
228 2379 276 2450 ἔχω
289 2375 402 2454 φράσαι·
426 2373 532 2434 ούδὲ“
501 2399 554 2452 γαρ
568 2373 649 2480 ἀρχὴν
662 2381 686 2440 ἐς
700 2379 782 2450 κρίσιν
794 2371 857 2431 τού-

62 2484 111 2521 του
133 2465 191 2536 πέρι
212 2457 339 2524 ἐλθόντας
359 2454 479 2516 οἴδασί
502 2460 559 2514 δί’
546 2462 601 2516 επεί
616 2480 643 2514 τε
662 2453 838 2556 διαβάντες
812 2477 859 2556 τρν

58 2541 135 2604 Ἅλυν
147 2539 266 2617 ποταμὸν
278 2540 451 2618 ὧμίλησαν
420 2565 451 2616 τῃ
469 2545 580 2646 Φρυγίῃ,
604 2537 638 2596 δι
655 2538 732 2610 αὐτῆς
744 2536 857 2614 πορευό-

62 2649 144 2727 μενοι
153 2629 325 2702 παρεγένοντο
343 2631 368 2690 ἐς
385 2620 559 2691 Κελαινάς,“
548 2645 589 2680 ινα
607 2644 689 2722 πργαι
680 2619 859 2680 άναδιδούσι

64 2706 223 2788 Μαιάνδρου
239 2707 361 2788 ποταμοῦ
379 2709 423 2768 καί
440 2711 528 2786 ἑτέρου
540 2703 587 2768 οὖν
600 2702 769 2840 61636660603
752 2729 768 2779 η
781 2715 856 2765 Μαι-

535 2809 539 2815 ·
648 2798 664 2844 2
