1898 3012
227 849 635 978 Ριιιιιιιιιο.

346 1031 509 1044 Ἣ

68 1102 269 1184 Herodotum
287 1140 374 1199 quum
387 1127 494 1184 attritis
507 1129 614 1184 sensim
628 1129 762 1186 diuturno
777 1147 830 1186 usu

40 1209 130 1266 tabulis
159 1208 336 1283 stereotypis
362 1207 454 1264 denuo
486 1211 562 1286 typis
590 1212 716 1268 exscribi
743 1213 832 1270 vellet

42 1289 276 1350 C.Tauebnitins
304 1285 432 1388 mihique
456 1309 550 1348 novae
576 1295 710 1350 editionis
734 1311 832 1350 euram

1 1383 4 1458 p
41 1375 210 1446 tradidisset,
229 1371 325 1428 illud'
316 1374 448 1448 mprimis
463 1374 606 1449 agendum
618 1373 691 1434 mibi
705 1393 767 1431 esse
780 1393 832 1452 pu-

1 1469 4 1552 p
47 1457 113 1527 tari,
137 1467 169 1513 ut
191 1457 358 1535 exemplum
386 1457 566 1514 emendatum
588 1465 798 1536 purgatumque
816 1473 833 1516 a

1 1554 3 1588 ι
42 1539 189 1614 scripturae
209 1537 297 1598 vitiis
315 1541 411 1614 operis
428 1539 464 1596 ad
485 1540 702 1598 describendum
726 1541 830 1600 darem.

1 1683 2 1690 χ
1 1619 102 1680 Nam
123 1633 153 1680 et
174 1625 209 1679 in
231 1625 382 1698 superiore
402 1619 530 1680 editione
547 1625 621 1682 vitia
634 1625 772 1704 quaedam
785 1643 832 1680 re·

1 1727 2 1784 3
37 1706 95 1762 lieta
107 1707 262 1777 videbam,
277 1714 307 1760 et
319 1707 403 1780 pluro
416 1708 503 1764 etiam
515 1709 547 1763 iu
560 1709 642 1780 eliis,
656 1725 728 1784 quae
742 1709 774 1764 in
786 1709 831 1766 iu-

1 1813 2 1866 3
35 1803 140 1848 renum·
155 1788 293 1846 manibus
316 1807 378 1845 esse
402 1789 509 1862 solent,
536 1807 573 1846 ne
593 1809 627 1848 ea
646 1791 760 1867 quidem
780 1807 831 1845 ex·

1 1899 2 1904 κ
35 1883 121 1948 cepta,
140 1891 233 1951 quam
251 1871 284 1928 A.
299 1870 439 1929 Matthiae
452 1873 533 1930 brevi
547 1878 733 1932 annotatione
745 1891 831 1931 orna-

1 1985 2 2002 ι
33 1965 82 2014 mm
94 1959 128 2014 in
139 1959 242 2014 lucem
253 1957 358 2012 emisit.
381 1953 482 2032 Neque
495 1957 705 2025 inpotentibus
718 1965 829 2013 tantum

1 2029 2 2086 ἶ
33 2042 211 2118 singulisque
232 2040 339 2096 litteris
354 2049 504 2114 peceatum
517 2051 590 2114 erat,
605 2041 680 2118 quod
692 2041 831 2098 vitiorum

1 2121 2 2178 ἰ
32 2141 115 2198 genus
138 2125 237 2180 levius
258 2123 406 2194 videatur,
426 2123 476 2180 sed
489 2133 565 2182 totas
577 2143 664 2181 voees
677 2124 829 2200 aliquoties
872 2157 877 2165 .

1 2209 2 2256 ἶ
32 2212 149 2265 omissas
181 2225 245 2262 esse
272 2205 548 2279 animadvertebam,
572 2225 678 2283 paucus
706 2205 831 2282 quidem,

1 2295 3 2374 ζ1
32 2309 96 2364 quoe
123 2287 320 2366 Wesselingii
348 2291 431 2364 eulpa
457 2289 640 2362 exciderant,
672 2307 759 2366 quum
785 2307 831 2344 res

1 2381 2 2394 ¹
28 2368 122 2430 Reimi
145 2373 273 2450 fugisset
295 2372 521 2450 diligentiam,'
513 2391 543 2429 ιιι
565 2372 696 2430 omnibus
711 2371 771 2427 iere
786 2389 831 2426 re-

0 2438 2 2513 i
28 2457 209 2513 mutieribus
223 2455 408 2528 editionibus,
421 2457 514 2512 alios'
505 2474 536 2512 ιιι
549 2475 606 2513 una
620 2465 650 2512 et
663 2457 762 2511 altera.

0 2522 2 2564 ἱ
61 2539 97 2597 ln
127 2541 265 2595 oratione
290 2547 370 2596 reete
397 2537 599 2617 distinguenda
619 2535 772 2593 R'eiuius
763 2537 835 2590 rnsi
891 2595 893 2604 Ι

4 2641 112 2707 --ςιιειιι
133 2623 293 2680 collocavit
311 2641 444 2698 operam,
470 2625 569 2699 itaque
584 2620 702 2677 eandem
715 2619 778 2674 iere
789 2631 837 2670 ro·

25 2711 138 2766 tionem
160 2714 192 2764 et
214 2705 264 2761 aiii
282 2707 377 2768 secuti
393 2713 461 2762 sunt
479 2715 508 2760 et
525 2707 587 2779 ipse
600 2700 774 2778 sequendam
787 2695 838 2749 du·

25 2793 67 2866 1i;
95 2789 221 2850 mutavi
233 2797 329 2850 tamen
343 2789 605 2864 interpunctionem
622 2785 673 2841 ubi
686 2781 777 2838 falsae
791 2783 840 2828 aut
