2010 2922
137 138 173 189 90
437 136 641 186 HERODOTI

138 269 164 304 οι
155 242 289 321 νομάδες
300 241 406 303 έάθασι
422 247 526 302 ποιέειν.
554 243 580 302 οἳ
595 238 648 340 γάρ
666 237 757 312 θητῶν
774 235 881 314 Λιβάωκ
895 264 952 302 νο-

137 324 280 402 μάθες,’
257 350 280 386 ει
295 331 342 403 μέν
359 324 465 394 πάντες,
492 322 539 384 οὗκ
557 326 605 397 έγω
624 321 745 399 ἀτρεκέως
761 325 839 380 τοῦτο
858 321 952 393 εἶπαι,

138 409 242 468 ποιείισι
254 403 325 467 δέ’
294 411 379 468 αυτῶν
392 433 482 512 συγνοι
473 405 592 466 τοιάδε·
619 406 670 463 τάν
682 404 841 489 παιδίων”
806 428 858 462 των
871 430 947 480 σφε-

139 495 230 568 τέρων,
255 489 333 550 ἐπεάν
345 495 481 567 τετραέτεα
492 491 608 566 γένηται,
631 485 712 562 οίσπη
726 485 865 564 προβάτων
878 493 946 546 καί-

141 597 201 632 οοσι
213 571 260 640 τάς
273 580 300 632 ἐν
312 597 373 650 τγγσι
385 572 515 674 κφρυφῆοι
528 572 631 646 φλέβας,
643 573 798 646 μετεξέτεροι
809 566 885 626 δέ’
852 571 947 628 αυτῶν

139 653 185 722 τάς
202 661 229 713 ἐν
243 663 313 715 τοῖσι
328 654 495 754 κροτάφοισι,
522 655 641 712 τοῦδε”
615 676 699 711 εινεκα
717 649 751 717 ὥς
767 647 802 726 μή
815 674 901 724 σφεας
915 658 944 716 ἐς

138 734 184 795 τὸν
205 735 294 794 πάντα
312 735 410 843 γράνον
427 739 569 814 καταρρέον
590 739 726 811 φλέγμα
713 757 739 792 εκ
760 733 804 805 τῆς
824 734 940 805 κεφαλῆς

139 818 251 889 δηλέηται.
278 842 322 876 και
313 817 384 872 διά
401 816 479 874 τοῦτό
499 839 582 888 σφεας
599 813 740 890 λέγουσι
717 839 783 873 ειναι
795 811 933 890 άγιηροτά·

138 922 204 964 τους.
232 898 283 955 εἶσι
298 894 350 973 γάρ
367 894 401 963 ὦς
420 899 539 968 ἀληθέως
556 921 582 955 οι
573 899 689 972 Λίβυες
701 895 853 972 ἀνθρώπων
866 894 935 953 πάν-

138 1003 188 1039 των
201 977 375 1084 ὑγιηρότατοι,
388 980 438 1038 τῶν
450 975 521 1055 ἡμεῖς
534 983 617 1057 ἴδμεν
638 981 661 1037 εί
669 983 718 1081 μέν
732 976 775 1036 διὰ
788 1001 875 1047 τουτο,
890 976 939 1038 οιίκ

139 1087 187 1138 εγω
202 1060 323 1162 ἀτρεκέως
336 1071 419 1130 είπαι,
437 1060 603 1139 υγιηράτατοι
621 1053 683 1119 δ’
662 1084 698 1119 ων
711 1061 768 1118 εἶσί.
789 1057 821 1132 ἢν
834 1063 863 1119 δέ
869 1065 938 1162 Μ·καί

139 1169 199 1205 ουσι
211 1169 245 1203 τα
234 1143 350 1204 παιδία
340 1143 488 1247 σπασμὸς
501 1149 652 1222 ἐπιγένηται,
662 1141 793 1220 ἐξεύρηταί
805 1167 854 1217 σφι
863 1141 937 1210 άκος·

139 1226 238 1328 τράγου
251 1227 304 1306 γάρ
322 1251 402 1304 οορον
420 1232 572 1296 σπείσαντες
589 1227 696 1306 ράονταί
712 1248 803 1300 σφεας.
830 1229 897 1304 λέγω
911 1229 938 1286 δέ

93 1342 106 1358 ·
139 1335 173 1368 τα
185 1309 332 1386 λέγουσι
301 1335 375 1368 αυτοι
367 1312 490 1386 Λίβυες.

202 1400 261 1450 1.θὸ
287 1397 381 1452 Θυσίαι
399 1396 427 1452 δε
442 1399 511 1452 τοῖσι
526 1390 622 1470 νομάσι
640 1393 690 1450 εἶσι
681 1392 775 1449 αι’δε·
797 1389 878 1451 ἐπεάν
890 1389 937 1452 τοά

140 1473 205 1541 ὠτὸς
217 1471 384 1551 ἀπάρξωνται
401 1476 449 1574 τοῦ
466 1474 579 1548 κτήνεος,
608 1479 739 1555 ῥιπτέουσι
751 1472 816 1551 υπέρ
830 1473 877 1535 τὸν
888 1473 934 1534 θά-

138 1579 205 1632 μον,
232 1558 309 1616 τοῦτο
331 1559 358 1614 δέ
378 1555 533 1629 ποιήσαντες
553 1557 750 1659 ἇπορτρέφοοσι
771 1556 818 1618 τὸν
839 1556 936 1631 αυγένα

140 1661 228 1696 αυτου.
256 1636 358 1697 θάουσι
376 1641 403 1697 δέ
420 1638 481 1716 ἡλίῳ
499 1665 543 1698 και
535 1640 649 1717 σελήνη
667 1637 803 1747 μοάνρισι.
820 1638 935 1699 τοάτοισι

137 1723 183 1796 μέν
195 1741 240 1777 νυν
253 1718 347 1787 πάντες
336 1713 453 1797 Λίβυες
465 1722 604 1792 θέουσι,
590 1723 657 1800 οιτάρ
670 1724 696 1782 οἱ
707 1712 766 1800 πάρὶ
777 1745 824 1794 την
839 1734 932 1799 Τριτω-

123 1805 196 1882 Ινίιλα
210 1805 338 1878 λίμνην’
310 1827 425 1880 νέμοντες
438 1830 469 1881 τη
457 1804 595 1879 Ἀθηναί
592 1831 610 1884 η
623 1805 750 1882 μάλιστα,
771 1802 837 1883 μετά
854 1806 933 1864 δέ
898 1829 934 1880 τῳ

140 1888 245 1962 Τρίτωνι
258 1887 302 1944 καί
313 1887 349 1963 τῷ
362 1891 527 1948 Ποσειδέωνι.

199 1973 259 2026 189.
287 1966 339 2040 Ίην
366 1966 437 2027 δέ’
420 1995 472 2046 αρα
498 1971 602 2043 έσθητα
628 1972 672 2027 καί
693 1967 739 2037 τάς
761 1971 862 2046 αλγίδας
882 1971 932 2028 τῶν

136 2046 334 2152 ἀγαλμάτων
304 2074 349 2122 της
358 2049 525 2152 Ἀθηναίης’
513 2076 539 2110 εκ
551 2053 602 2111 τῶν
610 2053 763 2126 Λιβυσσέων
776 2051 930 2133 ἐποιήσαντο

137 2154 163 2189 οι
153 2127 295 2203 Ἓλληνες·
320 2130 388 2203 πλὴν
403 2132 456 2210 γάρ
473 2159 490 2205 η
509 2133 549 2192 ὅτι
567 2139 670 2206 σκυτίνη
686 2160 702 2207 η
691 2133 852 2207 έσθης
817 2157 868 2192 των
879 2142 927 2191 Λι-

135 2213 279 2285 βυσσέωνέ
279 2215 321 2272 στί
337 2217 382 2272 καί
400 2217 426 2273 οἱ
443 2214 563 2274 θάσανοι
576 2241 601 2275 οι
592 2219 640 2274 ‘du
653 2218 704 2273 τῶν
718 2214 868 2316 αλγίδφν’
837 2216 928 2292 αοτῇσι

136 2318 182 2397 ειμι
197 2291 267 2368 ι’ίφιές
279 2296 330 2354 εἶσι
343 2293 432 2354 ἆλλά
421 2294 562 2404 ιμάγτινοι,
588 2322 622 2397 τρι
612 2295 668 2355 δέ
681 2295 747 2356 ἄλλα
763 2297 850 2356 πάντα
855 2295 927 2397 γατά

135 2373 218 2434 τῶυτὸ
231 2378 360 2434 ἔσταλται,
386 2403 431 2436 και
421 2376 480 2450 θη
497 2381 542 2436 καί
559 2377 674 2455 τοτ’ίνομα
692 2384 840 2457 κατηγορέει
853 2377 890 2438 ὅτι
901 2385 929 2436 ἐκ

135 2453 264 2528 Λιβάης”
248 2481 301 2529 ηκει
313 2484 330 2530 η
319 2458 470 2532 στολὴ
435 2483 487 2517 των
499 2464 668 2518 Παλλαδίων·
690 2463 779 2537 αἶγέας
792 2460 844 2538 γάρ
857 2483 925 2537 περι-

135 2534 273 2606 βάλλονται
286 2538 363 2616 φιλάς
375 2545 435 2618 περὶ
446 2564 492 2613 την
504 2543 609 2615 έσθητα
621 2541 781 2609 θυσανωτὰς
794 2569 822 2601 αι
813 2543 925 2616 Λιβυσ

136 2637 195 2683 σαι,
215 2627 361 2696 κεχριμένας
378 2621 553 2700 έρευθεδανφ,
576 2631 603 2682 ἐκ
617 2625 691 2683 δὲ
657 2647 708 2684 των
721 2626 812 2702 αἰγέων
824 2629 926 2684 τουτέων
