1976 3008
145 163 180 210 7⁰
438 160 645 208 HERODOTI

149 276 261 370 φεσθαι
302 263 354 326 Τόν
366 262 639 370 μένδηᾍρτεμβάρευ
653 267 758 340 πέμπει,
790 261 842 321 τὸν
857 265 888 321 δέ
905 261 967 321 Κῦ-

149 373 196 428 ρον
208 341 273 427 ἦγον
286 349 337 407 ἔσω
351 373 377 407 οι
368 345 565 425 “θεράποντες,
592 344 759 410 κελεύσαντος
778 345 833 404 τοῖν
843 343 966 404 Ἀστυά-

149 456 208 510 γεω
236 437 290 490 ἐπει
282 434 334 490 δὲ
356 429 549 531 ὑπελέλειπτο
535 455 550 488 ο
569 427 691 505 βουκόλος
707 427 823 505 μοῦνος,
854 449 965 503 μουνω-

150 519 235 574 θέντα
247 511 354 572 τάδε’
324 511 404 572 αυτὸν
416 518 497 589 εἴρετο
512 537 527 571 ο
516 509 692 612 Ἁστυάγης,
714 508 804 568 κόθεν
818 507 947 585 λάβοι
917 533 969 568 τον

150 599 234 656 παῖδα
250 599 294 654 καὶ
310 600 347 660 τίς
365 601 403 667 εἴη
422 619 436 654 ο
426 591 642 671 “παραδοός;“
629 619 644 652 ο
663 596 690 676 δέ
707 593 866 659 λξὲωυτοῧ
867 615 899 650 τε
915 594 967 665 ἔφη

150 683 283 756 γεγονέναι
301 679 346 738 καλ
357 698 404 750 την
416 676 542 735 τεκοῗισαν
556 673 636 734 αὐτόν
649 670 685 734 ἔτι
698 673 763 734 εἶναι
777 697 841 752 παρ
865 674 966 749 ἑαυτῷ.

147 759 290 838 Ἀστυάγης
304 763 332 819 δέ
343 781 386 837 μιν
400 783 446 818 ουκ
458 782 487 816 ευ
473 748 706 834 ’βουλεύεσθαι”
690 782 751 832 εφη,
770 761 966 834 ἐπιθυμέοντα

151 841 205 910 ἐς
190 841 305 920 ανάγκας
317 840 431 945 μεγάλας
445 838 629 911 ἀπικνέεσθαι,
658 838 713 918 άμα
730 863 758 898 τε
771 845 860 916 λέγων
874 839 966 898 ταότα

151 923 271 1026 ἐσήμαινε
295 931 365 984 τοῖσι
392 922 561 1024 δορυφόροισι
587 921 725 1000 λαμβάνειν
752 921 861 982 αυτόν.’
889 921 905 982 ὅ
935 923 965 978 δὲ

151 1005 284 1108 ἀγόμενος
298 1013 322 1072 ές
343 1003 391 1072 τάς
414 1004 529 1083 ἀνάγκας
555 1004 622 1067 σάτα
645 1004 714 1079 66³¹
698 1027 810 1107 εφοιινε
811 1003 862 1064 τὸν
881 1002 962 1063 ἐόντα

151 1089 237 1166 λόγον.
269 1087 410 1168 άργόμενος
436 1086 509 1162 66³
494 1086 538 1148 αιί
563 1087 642 1168 άρχης
663 1087 731 1156 διεξ’
701 1094 755 1165 ξηῖε
776 1088 811 1164 τῇ
836 1085 961 1161 άληθηλῃ

149 1171 304 1251 χρεώμενος,
330 1197 375 1230 και
365 1173 561 1247 κατέβαινε’
548 1195 573 1238 ες
594 1170 663 1238 λιτάς
683 1195 712 1230 τε
731 1173 776 1229 καὶ
795 1167 960 1248 συγγνώμην

152 1253 385 1331 6mm6xne66666''
369 1278 434 1329 εχειν
448 1253 534 1315 αιίτόν

214 1347 268 1395 117.
288 1337 430 1414 Ἀστυάγης
447 1340 475 1396 δὲ
492 1338 540 1397 τοῦ
556 1343 602 1414 μέν
615 1334 784 1411 βουκόλου
757 1357 805 1406 την
820 1333 959 1407 ἇληθηΐην

153 1417 307 1493 ἐκφήναντος
323 1417 403 1493 λόγον
419 1415 467 1516 6623
489 1422 533 1475 καὶ
554 1417 655 1475 ἐλάσσω
677 1420 801 1482 ἐποιέετο,
828 1414 957 1492 Ἁρπάγῳ

153 1504 181 1560 δὲ
193 1524 236 1558 και
227 1497 364 1576 μεγάλως
381 1497 542 1574 μεμφόμενος
554 1503 650 1598 καλέειν
664 1494 744 1554 ιιιίτὸν
756 1494 818 1562 τοός
832 1495 956 1598 δρρυφό

140 1605 214 1685 ρους
228 1587 327 1640 ἐκέλευε.
356 1579 390 1646 ὦς
404 1583 470 1639 66‘
444 1605 470 1639 οι
482 1576 569 1657 παρῆν
582 1605 597 1638 ο
587 1579 751 1680 Ἅρπαγος,
772 1577 857 1656 α’ρετό
875 1603 922 1656 μιν
941 1575 956 1635 6

150 1663 304 1764 Ἀστυάγης·
328 1661 456 1740 Ἅρπαγε,
478 1667 525 1738 τέῳ
539 1660 616 1734 66'
582 1685 655 1763 μορφ
669 1660 716 1721 τὸν
727 1663 811 1720 παῖδα
824 1658 953 1738 κατεχρή-

154 1769 214 1815 σαο,
228 1743 274 1805 τόν
286 1769 327 1804 τοι
339 1748 503 1822 παρέδωκα’
490 1769 515 1803 εκ
528 1744 665 1824 θυγατρός
677 1743 806 1822 γεγονότα
818 1744 866 1817 τῆς
881 1743 954 1820 ἐμῆς·

151 1826 252 1888 06⁶⁰
243 1838 371 1906 Αρπαγος
398 1826 432 1893 ὥς
450 1824 560 1886 εἷδετὸν
573 1827 697 1928 βαφιόλον
711 1825 829 1888 έ’νδον’
802 1850 893 1894 εοντα,
922 1821 954 1882 06

154 1915 273 1988 τρεπεται
286 1913 328 1969 ἐπὶ
341 1913 438 2012 ψευδέα
452 1908 544 1980 ὅδὸν,“’
532 1933 573 1969 ινα
586 1909 621 1987 μὴ
636 1908 798 1988 ἐλεγχόμενος
808 1908 954 2009 ἆλισκηταλι

154 1991 218 2054 ἆλλόι
230 1997 295 2070 λέγει
308 1991 381 2051 τάδε·
399 1982 435 2050 ,Ω
448 1993 561 2068 βασιλευ,
575 1997 631 2050 ἐπεί
642 2017 669 2052 τε
682 1989 870 2070 παρέλαβον
843 2016 875 2051 το
888 2009 951 2046 παι-

154 2077 210 2136 διον
214 2101 252 2144 ,
241 2073 376 2152 ιβοόλευον
390 2077 496 2136 σκοπῶν
510 2074 574 2143 όκοις
588 2080 634 2135 σολ
645 2101 673 2134 τε
685 2075 788 2148 ποιήσοι
800 2071 869 2132 κατὰ
882 2069 952 2136 νόον,

154 2162 198 2217 aaz
210 2157 260 2236 ἐγὼ
276 2157 344 2236 πρὸς
357 2163 387 2217 σε’
403 2157 537 2236 γινόμενος
559 2156 738 2235 ἀναμάρτητος
754 2156 817 2234 μήτε
834 2152 963 2238 θυγατρὶ

153 2265 185 2318 τη
207 2265 243 2318 ση
263 2239 326 2317 μήτε
348 2238 418 2316 αυτῷ
440 2243 485 2300 σοι
506 2247 559 2312 ειἠν
581 2237 716 2312 αὐθέντης.
743 2243 822 2298 ποιέω
840 2236 906 2309 66‘
889 2260 909 2294 οι
911 2237 949 2291 ε

153 2321 302 2390 καλέσας
276 2345 322 2382 τον
334 2299 541 2398 βουκόλοντόνδε
553 2321 755 2398 παραδίδωμιΙ
729 2346 760 2380 το
774 2323 885 2386 παιδίον,
899 2312 950 2390 φάς

155 2409 187 2467 σέ
201 2429 229 2463 τε
247 2402 313 2464 εἷναι
329 2403 376 2464 τόν
394 2401 561 2464 κελεόοντα’
547 2410 697 2462 αποκτελναι
715 2399 789 2462 αυτό.
817 2427 860 2460 και
852 2403 949 2475 λέγων

76 2495 81 2499 “
153 2485 232 2546 τουτό
245 2510 275 2562 γα
289 2511 336 2546 ουκ
349 2485 502 2564 ἐψευδόμην·
517 2483 617 2563 συγάρ
630 2483 796 2546 ένετέλλεο”
766 2509 838 2545 ουτω
860 2505 947 2558 παρα-

154 2571 243 2645 δίδωμι
259 2572 345 2670 μέντρι
361 2571 426 2646 τῷδε
443 2593 511 2628 κατα
499 2565 596 2639 τάδε,
624 2567 794 2672 ἐντειλάμενος
806 2567 895 2627 θεῒναί
904 2582 948 2648 μιν

154 2657 178 2718 ἐς
192 2651 286 2730 ἐρῆμον
300 2653 378 2729 οὖρος
395 2675 440 2711 και
430 2653 640 2730 παραμένοντα
659 2651 814 2728 φυλάσσειν,
843 2645 899 2725 άχρι
917 2649 948 2706 06
