2008 2922
147 153 200 206 188
383 176 386 186 ·
443 157 646 206 flssnonoss

210 267 252 322 88.
281 259 445 334 Κελειιοόσης
466 250 498 320 δέ
523 263 568 319 καί
593 261 639 333 τῆς
665 264 790 333 Πυθίης,
817 258 890 320 οὕτω
919 261 955 334 δὴ

149 341 292 416 Μιλτιάδης
313 342 329 404 δ
350 348 485 421 Κυψέλου,
504 340 632 420 Ὀλόμπια
655 340 796 420 άναιρηιιιδς
817 341 956 421 πρότερον

147 424 245 486 τούτων
262 430 414 503 τεθρίππῳ,
439 424 498 485 τότε
514 423 676 502 παραλσβάν
687 423 837 497 Ἀθηναίων
857 423 955 485 πάντα

148 506 194 567 τὸν
212 507 367 584 βουλόμενον
383 512 495 584 μετέχειν
511 509 559 567 τοδ
579 507 687 576 στόλου,
710 509 781 566 ἔπλεε
804 505 861 583 ἅμα
879 515 954 568 τοῖσι

148 589 304 666 Δολόγκοισι
316 593 359 648 καί
373 592 432 663 έσχε
444 589 491 662 τὴν
500 588 603 667 χάρην·
625 595 671 648 καί
681 613 725 665 μιν
739 591 764 648 οἱ
777 588 951 666 ἐπαγαγόμε-

146 695 187 771 νρι
200 673 326 750 τύραννον
338 671 539 745 κατεστήσαντο.
555 671 570 732 ὃ
585 675 613 730 δέ
625 673 729 750 πρῶτον
741 675 787 748 μέν
801 670 953 745 ἀπετείχισε

147 751 193 812 τὸν
184 751 354 860 ἰσθμόν
324 779 369 825 της
382 752 581 860 Χερσρνὴσοιι’
568 779 595 814 εκ
606 757 724 830 Καρδίης
737 751 828 820 πόλιος
842 761 868 820 ἐς
882 767 949 814 Πα-

146 833 236 906 κτάην,
261 839 305 894 ι’να
331 835 367 914 μὴ
394 838 474 910 έχοιέν
496 859 579 912 σφεας
601 837 628 894 σί
646 833 779 936 Ἀψίνθισι
802 838 951 908 δηλέεσθαι

146 917 310 992 ἐσβάλλοντες
327 926 352 986 ίς
369 943 416 992 την
430 918 525 996 γάρην.
551 918 601 976 εἶσι
593 920 647 976 δέ
666 922 739 976 οὑτοι
757 915 860 976 στάδιοι
878 921 907 986 ἓξ
919 944 950 979 τε

145 1002 189 1058 καί
201 999 338 1077 τριήκοντα
350 1025 398 1060 τοο
385 1001 525 1101 ἲσθμοδ·
552 998 608 1059 άπὸ
626 1002 654 1058 δέ
670 1025 719 1058 τοο
705 1001 836 1076 Νίσθμοδ
849 1025 948 1062 τουτου

144 1107 161 1154 η
177 1081 346 1160 Χερσόνησος
363 1089 425 1143 ελσιε
441 1078 519 1143 πᾶσά
536 1089 590 1142 ἐστι
536 1085 760 1168 έσταδίων’
739 1105 821 1142 εικοσι
841 1085 888 1142 καί
902 1107 946 1144 τε-

145 1171 290 1243 τριακοσίων
301 1165 331 1226 τὸ
344 1167 431 1242 μῆκος.

207 1255 247 1306 87.
266 1237 482 1322 Ἀποτειχίσας
461 1269 497 1306 ειν
512 1245 560 1308 τὸν
571 1244 668 1321 αδχένα
684 1270 730 1319 της
742 1247 947 1350 Χερσονόσρσό
993 1253 994 1266 ³

145 1329 289 1402 Μιλτιάδης
306 1333 350 1390 καί
365 1329 426 1398 τοὺς
436 1329 546 1430 Ἀψινθί
545 1349 588 1396 σος
605 1328 694 1414 τρόπιρ
711 1329 820 1406 τοιοότιρ
839 1330 945 1407 ὠσάμε-

144 1435 200 1479 νος,
225 1414 276 1470 τῶν
299 1414 396 1472 λοιπῶν
417 1411 544 1490 πρώτοισι
565 1418 703 1488 ἐπολέμησε
724 1388 944 1517 Λαμψακηνοῖσι·
993 1473 994 1476 ,

144 1499 243 1593 καίμιν
257 1518 282 1552 οι
273 1493 641 1595 Λμμψακηνοὶλοχήσαντες
655 1497 838 1572 αἱρέουσιζωγ
799 1501 890 1576 ωγρίη.
912 1488 947 1570 ἦν
993 1535 994 1568 3

145 1567 207 1634 62‘
195 1600 209 1632 ο
228 1575 372 1677 Μιλτιάδης
389 1581 498 1654 Κροίσῳ
515 1603 551 1654 τιρ
538 1578 680 1653 Λιιδῷ’
667 1600 693 1636 εν
709 1577 797 1656 γνώμη
816 1578 944 1656 γεγονώς·

145 1648 339 1734 πιθόμενος
319 1681 355 1716 ων
377 1659 392 1718 6
411 1667 529 1764 Κροίσρς
550 1661 634 1718 ταῦτα
654 1664 762 1736 πέμπων
782 1661 948 1767 πρρηγόρευε
993 1659 994 1714 J

145 1747 425 1841 τοῖσιΛαμψακηνοῖσι
437 1746 547 1817 μετιέναι
556 1741 712 1800 Μιλτιάδεα·
727 1767 750 1801 ει
741 1743 832 1802 '¹6⁶³
801 1769 845 1820 μη,
860 1750 947 1819 σφέας
993 1751 994 1776 ³

144 1821 349 1901 πίτυοςτρόιτον
371 1823 504 1884 ἇπείλεεέ
503 1829 624 1902 κτρίψειν.
651 1829 843 1930 πλανμιμένειν
842 1828 930 1884 δέ
893 1851 947 1886 των

144 1907 331 1982 Λαμψακηνῶν
344 1914 372 1965 ἐν
382 1913 452 1972 ,τοῖσι
464 1905 564 1984 λόγοισι
576 1931 599 1964 τι
595 1905 723 1966 ’θέλει
697 1931 729 1967 το
743 1911 804 1975 έπος
817 1905 893 1980 εἶναι,
912 1908 945 1969 τό
993 1953 994 1974 ;

145 2014 193 2062 σφι
206 1988 353 2062 άπείλησε
340 2015 354 2048 ο
369 1997 492 2068 Κροίσος,
506 1994 595 2056 πίτυος
608 1987 707 2066 τρόπον
716 1995 852 2098 ἐκτρίψειν,
865 1990 945 2069 μόγις
993 1987 994 2028 λ

143 2093 200 2130 κοτε
194 2071 312 2149 μαθὼν
324 2071 375 2130 τῶν
386 2095 423 2138 τις
434 2069 652 2148 πρεσβυτέρων
627 2081 683 2130 ειπε
695 2071 726 2131 τὸ
741 2072 795 2142 ἐὸν,
815 2073 854 2132 ότι
865 2079 944 2142 πίτυς

142 2153 223 2228 μοάνη
242 2157 363 2232 δενδρέων
380 2153 484 2213 πάντων
501 2161 638 2213 ἐκκοπεῖσα
655 2153 777 2230 βλαστὸν
786 2153 879 2215 οδδένα
892 2181 940 2232 με-

143 2239 199 2304 τίει,
222 2235 285 2294 ἀλλά
308 2235 480 2314 πανώλεθρος
500 2235 675 2302 ἐξαπόλλυται.
704 2241 874 2306 δείσαντες
855 2263 893 2298 ων
915 2242 944 2300 οἶ

142 2322 318 2421 Λαμψακηνοί
331 2327 457 2397 Κροισσν,
470 2318 591 2386 λύσαντες
602 2321 714 2397 μετῆκαν
726 2321 879 2422 Μιλτιάδεα.

202 2405 245 2462 38.
275 2392 356 2468 Οὗτος
373 2407 419 2478 μὲν
436 2400 467 2474 δη
486 2399 529 2460 διά
545 2409 693 2481 Κροῒσεν’
680 2403 807 2504 εκψεάγει,
827 2402 895 2481 μετά
912 2408 943 2465 δέ

140 2478 274 2556 τελευτᾷ”
256 2504 343 2551 απαις,
356 2481 436 2556 τὴν
422 2508 504 2561 αργην
521 2509 548 2543 τε
564 2509 607 2543 και
621 2483 663 2542 τά
660 2485 786 2562 χρήματα
799 2485 941 2565 παραδοὺς

140 2561 298 2664 Στησαγόρη
325 2589 360 2640 τῳ
380 2571 500 2644 Κίμωνος
526 2565 651 2641 άδελφεοό
672 2568 783 2628 παιδὶ
765 2575 938 2674 ομομητρίου.

139 2645 183 2696 καί
199 2645 225 2702 οἱ
242 2646 417 2718 τελευτησαντι
430 2657 621 2728 Χερσονησῖται
638 2649 774 2710 θέουσι
754 2677 789 2720 ως
800 2651 881 2732 νόμος
896 2655 936 2713 οἳ·

991 2779 994 2892 λ
