<?xml version="1.0" encoding="UTF-8"?>
<!DOCTYPE html PUBLIC "-//W3C//DTD XHTML 1.0 Transitional//EN"
    "http://www.w3.org/TR/xhtml1/DTD/xhtml1-transitional.dtd">
<html xmlns="http://www.w3.org/1999/xhtml" xml:lang="en" lang="en">
 <head>
  <title>
</title>
<meta http-equiv="Content-Type" content="text/html;charset=utf-8" />
  <meta name='ocr-system' content='tesseract 3.04.00' />
  <meta name='ocr-capabilities' content='ocr_page ocr_carea ocr_par ocr_line ocrx_word'/>
</head>
<body>
  <div class='ocr_page' id='page_1' title='image "./herodotihistori08herogoog_0804.png"; bbox 0 0 1972 2926; ppageno 0'>
   <div class='ocr_carea' id='block_1_1' title="bbox 216 141 847 202">
    <p class='ocr_par' dir='ltr' id='par_1_1' title="bbox 216 141 847 202">
     <span class='ocr_line' id='line_1_1' title="bbox 216 141 847 202; baseline 0.008 -10"><span class='ocrx_word' id='word_1_1' title='bbox 216 148 288 194; x_wconf 76' lang='grc' dir='ltr'><strong><em>ωε.</em></strong></span> <span class='ocrx_word' id='word_1_2' title='bbox 309 149 372 194; x_wconf 85' lang='lat' dir='ltr'><strong><em>vu.</em></strong></span> <span class='ocrx_word' id='word_1_3' title='bbox 401 147 481 194; x_wconf 77' lang='grc' dir='ltr'><strong><em>υΑΡ.</em></strong></span> <span class='ocrx_word' id='word_1_4' title='bbox 502 141 608 193; x_wconf 74' lang='lat'><strong><em>205-</em></strong></span> <span class='ocrx_word' id='word_1_5' title='bbox 622 143 682 202; x_wconf 79' lang='lat'><strong><em>209,</em></strong></span> <span class='ocrx_word' id='word_1_6' title='bbox 797 143 847 198; x_wconf 74' lang='lat'><strong><em>103</em></strong></span> 
     </span>
    </p>
   </div>
   <div class='ocr_carea' id='block_1_2' title="bbox 25 248 849 2730">
    <p class='ocr_par' dir='ltr' id='par_1_2' title="bbox 25 248 849 1150">
     <span class='ocr_line' id='line_1_2' title="bbox 25 248 848 354; baseline -0.002 -41"><span class='ocrx_word' id='word_1_7' title='bbox 25 275 64 313; x_wconf 86' lang='grc' dir='ltr'><strong><em>τε</em></strong></span> <span class='ocrx_word' id='word_1_8' title='bbox 84 254 136 309; x_wconf 88' lang='grc' dir='ltr'><strong><em>καί</em></strong></span> <span class='ocrx_word' id='word_1_9' title='bbox 155 248 263 354; x_wconf 78' lang='grc' dir='ltr'><strong><em>κατώρα</em></strong></span> <span class='ocrx_word' id='word_1_10' title='bbox 280 251 334 308; x_wconf 77' lang='grc' dir='ltr'><strong><em>πίεν</em></strong></span> <span class='ocrx_word' id='word_1_11' title='bbox 350 254 397 328; x_wconf 86' lang='grc' dir='ltr'><strong><em>μέν</em></strong></span> <span class='ocrx_word' id='word_1_12' title='bbox 413 249 446 310; x_wconf 80' lang='grc' dir='ltr'><strong><em>ού</em></strong></span> <span class='ocrx_word' id='word_1_13' title='bbox 462 249 492 310; x_wconf 88' lang='grc' dir='ltr'><strong><em>τό</em></strong></span> <span class='ocrx_word' id='word_1_14' title='bbox 513 249 702 328; x_wconf 83' lang='grc' dir='ltr'><strong><em>στρατόπεδον</em></strong></span> <span class='ocrx_word' id='word_1_15' title='bbox 723 251 784 319; x_wconf 81' lang='grc' dir='ltr'><strong><em>τούς</em></strong></span> <span class='ocrx_word' id='word_1_16' title='bbox 795 254 848 331; x_wconf 72' lang='grc' dir='ltr'><strong><em>γὰρ</em></strong></span> 
     </span>
     <span class='ocr_line' id='line_1_3' title="bbox 28 331 849 434; baseline 0.001 -41.002"><span class='ocrx_word' id='word_1_17' title='bbox 28 337 93 410; x_wconf 70' lang='grc' dir='ltr'><strong><em>ἔσω</em></strong></span> <span class='ocrx_word' id='word_1_18' title='bbox 109 337 286 432; x_wconf 72' lang='grc' dir='ltr'><strong><em>τεταγμένους</em></strong></span> <span class='ocrx_word' id='word_1_19' title='bbox 298 357 346 390; x_wconf 89' lang='grc' dir='ltr'><strong><em>του</em></strong></span> <span class='ocrx_word' id='word_1_20' title='bbox 333 332 504 406; x_wconf 62' lang='grc' dir='ltr'><strong><em>Ν’τείχεος</em></strong></span> <span class='ocrx_word' id='word_1_21' title='bbox 479 358 509 392; x_wconf 90' lang='grc' dir='ltr'><strong><em>το</em></strong></span> <span class='ocrx_word' id='word_1_22' title='bbox 524 331 765 434; x_wconf 66' lang='grc' dir='ltr'><strong><em>ἆνορθώσανεες”</em></strong></span> <span class='ocrx_word' id='word_1_23' title='bbox 739 359 809 408; x_wconf 76' lang='grc' dir='ltr'><strong><em>ειηον</em></strong></span> <span class='ocrx_word' id='word_1_24' title='bbox 822 343 849 394; x_wconf 81' lang='grc' dir='ltr'><strong><em>ἐν</em></strong></span> 
     </span>
     <span class='ocr_line' id='line_1_4' title="bbox 31 403 847 493; baseline 0.004 -21"><span class='ocrx_word' id='word_1_25' title='bbox 31 415 206 492; x_wconf 81' lang='grc' dir='ltr'><strong><em>φυλακῇ,</em></strong></span> <span class='ocrx_word' id='word_1_26' title='bbox 176 439 226 474; x_wconf 88' lang='grc' dir='ltr'><strong><em>ουκ</em></strong></span> <span class='ocrx_word' id='word_1_27' title='bbox 240 411 283 474; x_wconf 75' lang='grc' dir='ltr'><strong><em>οἷό</em></strong></span> <span class='ocrx_word' id='word_1_28' title='bbox 297 437 325 472; x_wconf 89' lang='grc' dir='ltr'><strong><em>τε</em></strong></span> <span class='ocrx_word' id='word_1_29' title='bbox 337 403 370 485; x_wconf 72' lang='grc' dir='ltr'><strong><em>ἦν</em></strong></span> <span class='ocrx_word' id='word_1_30' title='bbox 382 418 550 474; x_wconf 77' lang='grc' dir='ltr'><strong><em>κατιδέσθαι</em></strong></span> <span class='ocrx_word' id='word_1_31' title='bbox 569 440 584 473; x_wconf 93' lang='grc' dir='ltr'><strong><em>ο</em></strong></span> <span class='ocrx_word' id='word_1_32' title='bbox 573 415 626 473; x_wconf 83' lang='lat'>‘66</span> <span class='ocrx_word' id='word_1_33' title='bbox 637 415 697 482; x_wconf 83' lang='grc' dir='ltr'><strong><em>τούς</em></strong></span> <span class='ocrx_word' id='word_1_34' title='bbox 710 418 757 483; x_wconf 75' lang='grc' dir='ltr'><strong><em>ἔξω</em></strong></span> <span class='ocrx_word' id='word_1_35' title='bbox 771 417 847 493; x_wconf 74' lang='grc' dir='ltr'><strong><em>ἐμόν-</em></strong></span> 
     </span>
     <span class='ocr_line' id='line_1_5' title="bbox 33 494 849 598; baseline 0.001 -41"><span class='ocrx_word' id='word_1_36' title='bbox 33 506 132 566; x_wconf 82' lang='grc' dir='ltr'><strong><em>θανε,</em></strong></span> <span class='ocrx_word' id='word_1_37' title='bbox 154 503 226 596; x_wconf 71' lang='grc' dir='ltr'><strong><em>ταῖσι</em></strong></span> <span class='ocrx_word' id='word_1_38' title='bbox 242 494 295 596; x_wconf 84' lang='grc' dir='ltr'><strong><em>πρὸ</em></strong></span> <span class='ocrx_word' id='word_1_39' title='bbox 309 497 357 554; x_wconf 84' lang='grc' dir='ltr'><strong><em>τού</em></strong></span> <span class='ocrx_word' id='word_1_40' title='bbox 370 501 465 570; x_wconf 86' lang='grc' dir='ltr'><strong><em>τείχεος</em></strong></span> <span class='ocrx_word' id='word_1_41' title='bbox 476 495 510 555; x_wconf 83' lang='grc' dir='ltr'><strong><em>τό</em></strong></span> <span class='ocrx_word' id='word_1_42' title='bbox 524 496 622 556; x_wconf 72' lang='grc' dir='ltr'><strong><em>όπλα”</em></strong></span> <span class='ocrx_word' id='word_1_43' title='bbox 606 521 692 558; x_wconf 81' lang='grc' dir='ltr'><strong><em>εκειτο.</em></strong></span> <span class='ocrx_word' id='word_1_44' title='bbox 720 501 809 572; x_wconf 72' lang='grc' dir='ltr'><strong><em>ἔτυχον</em></strong></span> <span class='ocrx_word' id='word_1_45' title='bbox 822 504 849 598; x_wconf 77' lang='grc' dir='ltr'><strong><em>δέ</em></strong></span> 
     </span>
     <span class='ocr_line' id='line_1_6' title="bbox 35 577 849 656; baseline 0.002 -18"><span class='ocrx_word' id='word_1_46' title='bbox 35 603 142 638; x_wconf 87' lang='grc' dir='ltr'><strong><em>τουτον</em></strong></span> <span class='ocrx_word' id='word_1_47' title='bbox 160 578 208 638; x_wconf 88' lang='grc' dir='ltr'><strong><em>τόν</em></strong></span> <span class='ocrx_word' id='word_1_48' title='bbox 218 577 315 656; x_wconf 78' lang='grc' dir='ltr'><strong><em>χρόνον</em></strong></span> <span class='ocrx_word' id='word_1_49' title='bbox 326 577 528 655; x_wconf 85' lang='grc' dir='ltr'><strong><em>Λακεδαιμόνιοι</em></strong></span> <span class='ocrx_word' id='word_1_50' title='bbox 543 582 591 646; x_wconf 73' lang='grc' dir='ltr'><strong><em>ἔξω</em></strong></span> <span class='ocrx_word' id='word_1_51' title='bbox 603 585 760 656; x_wconf 71' lang='grc' dir='ltr'><strong><em>τεταγμένοι.</em></strong></span> <span class='ocrx_word' id='word_1_52' title='bbox 789 581 849 649; x_wconf 79' lang='grc' dir='ltr'><strong><em>τούς</em></strong></span> 
     </span>
     <span class='ocr_line' id='line_1_7' title="bbox 38 659 846 740; baseline 0.002 -20"><span class='ocrx_word' id='word_1_53' title='bbox 38 667 90 740; x_wconf 83' lang='grc' dir='ltr'><strong><em>μέν</em></strong></span> <span class='ocrx_word' id='word_1_54' title='bbox 105 660 140 733; x_wconf 77' lang='grc' dir='ltr'><strong><em>δὴ</em></strong></span> <span class='ocrx_word' id='word_1_55' title='bbox 155 659 213 738; x_wconf 82' lang='grc' dir='ltr'><strong><em>ώρα</em></strong></span> <span class='ocrx_word' id='word_1_56' title='bbox 226 665 431 738; x_wconf 68' lang='grc' dir='ltr'><strong><em>γυμναζομένους</em></strong></span> <span class='ocrx_word' id='word_1_57' title='bbox 443 663 494 719; x_wconf 86' lang='grc' dir='ltr'><strong><em>τών</em></strong></span> <span class='ocrx_word' id='word_1_58' title='bbox 508 660 615 738; x_wconf 74' lang='grc' dir='ltr'><strong><em>ἀνδρῶν,</em></strong></span> <span class='ocrx_word' id='word_1_59' title='bbox 629 660 690 728; x_wconf 86' lang='grc' dir='ltr'><strong><em>τούς</em></strong></span> <span class='ocrx_word' id='word_1_60' title='bbox 703 664 731 721; x_wconf 86' lang='grc' dir='ltr'><strong><em>δέ</em></strong></span> <span class='ocrx_word' id='word_1_61' title='bbox 743 661 790 729; x_wconf 85' lang='grc' dir='ltr'><strong><em>τόις</em></strong></span> <span class='ocrx_word' id='word_1_62' title='bbox 802 663 846 722; x_wconf 89' lang='grc' dir='ltr'><strong><em>κό-</em></strong></span> 
     </span>
     <span class='ocr_line' id='line_1_8' title="bbox 38 742 849 820; baseline 0.005 -19"><span class='ocrx_word' id='word_1_63' title='bbox 38 768 97 820; x_wconf 91' lang='grc' dir='ltr'><strong><em>μας</em></strong></span> <span class='ocrx_word' id='word_1_64' title='bbox 116 748 312 819; x_wconf 82' lang='grc' dir='ltr'><strong><em>κτενιζομένους.</em></strong></span> <span class='ocrx_word' id='word_1_65' title='bbox 340 744 423 802; x_wconf 75' lang='grc' dir='ltr'><strong><em>ταῦτα</em></strong></span> <span class='ocrx_word' id='word_1_66' title='bbox 446 742 477 816; x_wconf 81' lang='grc' dir='ltr'><strong><em>δὴ</em></strong></span> <span class='ocrx_word' id='word_1_67' title='bbox 500 743 635 820; x_wconf 76' lang='grc' dir='ltr'><strong><em>θεώμενος</em></strong></span> <span class='ocrx_word' id='word_1_68' title='bbox 651 743 788 820; x_wconf 75' lang='grc' dir='ltr'><strong><em>ἐθαύμαζε</em></strong></span> <span class='ocrx_word' id='word_1_69' title='bbox 805 749 849 805; x_wconf 80' lang='grc' dir='ltr'><strong><em>καί</em></strong></span> 
     </span>
     <span class='ocr_line' id='line_1_9' title="bbox 39 823 846 902; baseline 0.001 -18"><span class='ocrx_word' id='word_1_70' title='bbox 39 825 75 885; x_wconf 86' lang='grc' dir='ltr'><strong><em>τὸ</em></strong></span> <span class='ocrx_word' id='word_1_71' title='bbox 90 827 201 898; x_wconf 78' lang='grc' dir='ltr'><strong><em>πλῆθος</em></strong></span> <span class='ocrx_word' id='word_1_72' title='bbox 214 823 354 902; x_wconf 76' lang='grc' dir='ltr'><strong><em>ἐμάνθανε.</em></strong></span> <span class='ocrx_word' id='word_1_73' title='bbox 381 824 480 902; x_wconf 87' lang='grc' dir='ltr'><strong><em>μαθών</em></strong></span> <span class='ocrx_word' id='word_1_74' title='bbox 493 829 521 884; x_wconf 87' lang='grc' dir='ltr'><strong><em>δέ</em></strong></span> <span class='ocrx_word' id='word_1_75' title='bbox 533 825 621 884; x_wconf 72' lang='grc' dir='ltr'><strong><em>κιόντα</em></strong></span> <span class='ocrx_word' id='word_1_76' title='bbox 636 825 764 902; x_wconf 76' lang='grc' dir='ltr'><strong><em>ύτρεκέως,</em></strong></span> <span class='ocrx_word' id='word_1_77' title='bbox 778 825 846 899; x_wconf 78' lang='grc' dir='ltr'><strong><em>διπή-</em></strong></span> 
     </span>
     <span class='ocr_line' id='line_1_10' title="bbox 40 905 847 986; baseline -0.001 -19"><span class='ocrx_word' id='word_1_78' title='bbox 40 916 125 967; x_wconf 86' lang='grc' dir='ltr'><strong><em>λαυνε</em></strong></span> <span class='ocrx_word' id='word_1_79' title='bbox 138 907 225 966; x_wconf 79' lang='grc' dir='ltr'><strong><em>ὀπίσω</em></strong></span> <span class='ocrx_word' id='word_1_80' title='bbox 237 905 296 966; x_wconf 73' lang='grc' dir='ltr'><strong><em>κατ’</em></strong></span> <span class='ocrx_word' id='word_1_81' title='bbox 312 906 432 980; x_wconf 77' lang='grc' dir='ltr'><strong><em>ἡσυχίην·</em></strong></span> <span class='ocrx_word' id='word_1_82' title='bbox 449 906 507 966; x_wconf 81' lang='grc' dir='ltr'><strong><em>ούτε</em></strong></span> <span class='ocrx_word' id='word_1_83' title='bbox 520 907 572 986; x_wconf 76' lang='grc' dir='ltr'><strong><em>γάρ</em></strong></span> <span class='ocrx_word' id='word_1_84' title='bbox 586 932 624 974; x_wconf 90' lang='grc' dir='ltr'><strong><em>τις</em></strong></span> <span class='ocrx_word' id='word_1_85' title='bbox 637 911 729 977; x_wconf 78' lang='grc' dir='ltr'><strong><em>ἐδίωκε,</em></strong></span> <span class='ocrx_word' id='word_1_86' title='bbox 742 907 847 985; x_wconf 77' lang='grc' dir='ltr'><strong><em>ἇλσμίης</em></strong></span> 
     </span>
     <span class='ocr_line' id='line_1_11' title="bbox 40 989 846 1069; baseline 0.001 -20"><span class='ocrx_word' id='word_1_87' title='bbox 40 1015 73 1050; x_wconf 88' lang='grc' dir='ltr'><strong><em>τε</em></strong></span> <span class='ocrx_word' id='word_1_88' title='bbox 97 989 233 1068; x_wconf 76' lang='grc' dir='ltr'><strong><em>ἐνεκύρησε</em></strong></span> <span class='ocrx_word' id='word_1_89' title='bbox 254 990 360 1061; x_wconf 78' lang='grc' dir='ltr'><strong><em>πολλῆς·</em></strong></span> <span class='ocrx_word' id='word_1_90' title='bbox 391 989 517 1048; x_wconf 81' lang='grc' dir='ltr'><strong><em>ἇπελθών</em></strong></span> <span class='ocrx_word' id='word_1_91' title='bbox 535 991 562 1049; x_wconf 84' lang='grc' dir='ltr'><strong><em>δέ</em></strong></span> <span class='ocrx_word' id='word_1_92' title='bbox 580 993 649 1065; x_wconf 71' lang='grc' dir='ltr'><strong><em>ἔλεγε</em></strong></span> <span class='ocrx_word' id='word_1_93' title='bbox 665 990 732 1069; x_wconf 85' lang='grc' dir='ltr'><strong><em>πρὸς</em></strong></span> <span class='ocrx_word' id='word_1_94' title='bbox 750 995 846 1069; x_wconf 82' lang='grc' dir='ltr'><strong><em>Ξέρξεα</em></strong></span> 
     </span>
     <span class='ocr_line' id='line_1_12' title="bbox 42 1070 355 1150; baseline -0.013 -18"><span class='ocrx_word' id='word_1_95' title='bbox 42 1072 131 1150; x_wconf 87' lang='grc' dir='ltr'><strong><em>τόπερ</em></strong></span> <span class='ocrx_word' id='word_1_96' title='bbox 146 1070 248 1131; x_wconf 78' lang='grc' dir='ltr'><strong><em>ὀπώπεε</em></strong></span> <span class='ocrx_word' id='word_1_97' title='bbox 261 1070 355 1130; x_wconf 82' lang='grc' dir='ltr'><strong><em>πάντα.</em></strong></span> 
     </span>
    </p>

    <p class='ocr_par' dir='ltr' id='par_1_3' title="bbox 46 1152 845 2718">
     <span class='ocr_line' id='line_1_13' title="bbox 111 1152 845 1232; baseline 0.005 -20"><span class='ocrx_word' id='word_1_98' title='bbox 111 1163 171 1213; x_wconf 81' lang='lat'><strong>2⁰9.</strong></span> <span class='ocrx_word' id='word_1_99' title='bbox 194 1152 306 1214; x_wconf 74' lang='grc' dir='ltr'><strong><em>Ἀκούων</em></strong></span> <span class='ocrx_word' id='word_1_100' title='bbox 322 1157 349 1212; x_wconf 89' lang='grc' dir='ltr'><strong><em>δέ</em></strong></span> <span class='ocrx_word' id='word_1_101' title='bbox 368 1159 461 1232; x_wconf 82' lang='grc' dir='ltr'><strong><em>Ξέρξης</em></strong></span> <span class='ocrx_word' id='word_1_102' title='bbox 479 1153 525 1214; x_wconf 85' lang='grc' dir='ltr'><strong><em>ούκ</em></strong></span> <span class='ocrx_word' id='word_1_103' title='bbox 541 1153 593 1229; x_wconf 82' lang='grc' dir='ltr'><strong><em>εἶχε</em></strong></span> <span class='ocrx_word' id='word_1_104' title='bbox 611 1157 796 1231; x_wconf 78' lang='grc' dir='ltr'><strong><em>συμβαλέσθαι</em></strong></span> <span class='ocrx_word' id='word_1_105' title='bbox 813 1155 845 1216; x_wconf 86' lang='grc' dir='ltr'><strong><em>τὸ</em></strong></span> 
     </span>
     <span class='ocr_line' id='line_1_14' title="bbox 46 1235 842 1314; baseline -0.003 -16"><span class='ocrx_word' id='word_1_106' title='bbox 46 1236 100 1307; x_wconf 78' lang='grc' dir='ltr'><strong><em>ἐὸν,</em></strong></span> <span class='ocrx_word' id='word_1_107' title='bbox 119 1235 158 1296; x_wconf 84' lang='grc' dir='ltr'><strong><em>ὅτι</em></strong></span> <span class='ocrx_word' id='word_1_108' title='bbox 168 1235 408 1313; x_wconf 77' lang='grc' dir='ltr'><strong><em>παρασκευάζοιντο</em></strong></span> <span class='ocrx_word' id='word_1_109' title='bbox 420 1236 455 1304; x_wconf 85' lang='grc' dir='ltr'><strong><em>ώς</em></strong></span> <span class='ocrx_word' id='word_1_110' title='bbox 469 1235 639 1314; x_wconf 76' lang='grc' dir='ltr'><strong><em>ἀπολεόμενοί</em></strong></span> <span class='ocrx_word' id='word_1_111' title='bbox 650 1261 677 1296; x_wconf 89' lang='grc' dir='ltr'><strong><em>τε</em></strong></span> <span class='ocrx_word' id='word_1_112' title='bbox 691 1241 735 1295; x_wconf 83' lang='grc' dir='ltr'><strong><em>καί</em></strong></span> <span class='ocrx_word' id='word_1_113' title='bbox 747 1236 842 1296; x_wconf 74' lang='grc' dir='ltr'><strong><em>ἀπολέ-</em></strong></span> 
     </span>
     <span class='ocr_line' id='line_1_15' title="bbox 48 1316 842 1396; baseline -0.001 -16"><span class='ocrx_word' id='word_1_114' title='bbox 48 1343 120 1386; x_wconf 85' lang='grc' dir='ltr'><strong><em>οντες</em></strong></span> <span class='ocrx_word' id='word_1_115' title='bbox 138 1318 204 1380; x_wconf 65' lang='lat' dir='ltr'><strong><em>um&amp;</em></strong></span> <span class='ocrx_word' id='word_1_116' title='bbox 223 1317 347 1396; x_wconf 87' lang='grc' dir='ltr'><strong><em>δύναμιν·</em></strong></span> <span class='ocrx_word' id='word_1_117' title='bbox 373 1316 429 1378; x_wconf 75' lang='grc' dir='ltr'><strong><em>ἄλλ’</em></strong></span> <span class='ocrx_word' id='word_1_118' title='bbox 445 1317 515 1395; x_wconf 78' lang='grc' dir='ltr'><strong><em>αύτῷ</em></strong></span> <span class='ocrx_word' id='word_1_119' title='bbox 532 1326 621 1395; x_wconf 73' lang='grc' dir='ltr'><strong><em>γελοῖα</em></strong></span> <span class='ocrx_word' id='word_1_120' title='bbox 637 1317 690 1396; x_wconf 70' lang='grc' dir='ltr'><strong><em>γὰρ</em></strong></span> <span class='ocrx_word' id='word_1_121' title='bbox 708 1324 842 1394; x_wconf 81' lang='grc' dir='ltr'><strong><em>ἐφαίνοντο</em></strong></span> 
     </span>
     <span class='ocr_line' id='line_1_16' title="bbox 48 1398 843 1479; baseline 0 -18"><span class='ocrx_word' id='word_1_122' title='bbox 48 1407 160 1472; x_wconf 75' lang='grc' dir='ltr'><strong><em>ποιέειν,</em></strong></span> <span class='ocrx_word' id='word_1_123' title='bbox 175 1406 361 1479; x_wconf 77' lang='grc' dir='ltr'><strong><em>μετεπέμψατο</em></strong></span> <span class='ocrx_word' id='word_1_124' title='bbox 377 1398 533 1479; x_wconf 77' lang='grc' dir='ltr'><strong><em>Δημάρητον</em></strong></span> <span class='ocrx_word' id='word_1_125' title='bbox 549 1399 755 1479; x_wconf 76' lang='grc' dir='ltr'><strong><em>τὸνἎρίστωνος</em></strong></span> <span class='ocrx_word' id='word_1_126' title='bbox 767 1401 843 1462; x_wconf 79' lang='grc' dir='ltr'><strong><em>ἐόντα</em></strong></span> 
     </span>
     <span class='ocr_line' id='line_1_17' title="bbox 49 1482 843 1586; baseline -0.004 -42"><span class='ocrx_word' id='word_1_127' title='bbox 49 1488 129 1562; x_wconf 79' lang='grc' dir='ltr'><strong><em>ἐντῷ</em></strong></span> <span class='ocrx_word' id='word_1_128' title='bbox 147 1487 320 1562; x_wconf 81' lang='grc' dir='ltr'><strong><em>στρατοπέδῳ.</em></strong></span> <span class='ocrx_word' id='word_1_129' title='bbox 350 1482 504 1560; x_wconf 82' lang='grc' dir='ltr'><strong><em>ἀπικόμενον</em></strong></span> <span class='ocrx_word' id='word_1_130' title='bbox 521 1486 549 1542; x_wconf 87' lang='grc' dir='ltr'><strong><em>δέ</em></strong></span> <span class='ocrx_word' id='word_1_131' title='bbox 569 1506 613 1559; x_wconf 89' lang='grc' dir='ltr'><strong><em>μιν</em></strong></span> <span class='ocrx_word' id='word_1_132' title='bbox 634 1482 727 1561; x_wconf 78' lang='grc' dir='ltr'><strong><em>εἰρώτα</em></strong></span> <span class='ocrx_word' id='word_1_133' title='bbox 749 1489 843 1586; x_wconf 77' lang='grc' dir='ltr'><strong><em>Ξέρξης</em></strong></span> 
     </span>
     <span class='ocr_line' id='line_1_18' title="bbox 48 1563 842 1672; baseline -0.003 -46"><span class='ocrx_word' id='word_1_134' title='bbox 48 1569 145 1626; x_wconf 74' lang='grc' dir='ltr'><strong><em>ἕκαστα</em></strong></span> <span class='ocrx_word' id='word_1_135' title='bbox 156 1566 261 1636; x_wconf 85' lang='grc' dir='ltr'><strong><em>τούτων,</em></strong></span> <span class='ocrx_word' id='word_1_136' title='bbox 273 1571 371 1626; x_wconf 77' lang='grc' dir='ltr'><strong><em>ἐθέλων</em></strong></span> <span class='ocrx_word' id='word_1_137' title='bbox 383 1591 420 1641; x_wconf 90' lang='grc' dir='ltr'><strong><em>μα</em></strong></span> <span class='ocrx_word' id='word_1_138' title='bbox 425 1563 532 1624; x_wconf 87' lang='grc' dir='ltr'><strong><em>θεειν</em></strong></span> <span class='ocrx_word' id='word_1_139' title='bbox 506 1589 537 1624; x_wconf 89' lang='grc' dir='ltr'><strong><em>το</em></strong></span> <span class='ocrx_word' id='word_1_140' title='bbox 551 1564 701 1672; x_wconf 75' lang='grc' dir='ltr'><strong><em>ποιεύμενον</em></strong></span> <span class='ocrx_word' id='word_1_141' title='bbox 714 1566 780 1644; x_wconf 88' lang='grc' dir='ltr'><strong><em>πρὸς</em></strong></span> <span class='ocrx_word' id='word_1_142' title='bbox 791 1570 842 1626; x_wconf 82' lang='grc' dir='ltr'><strong><em>τῶν</em></strong></span> 
     </span>
     <span class='ocr_line' id='line_1_19' title="bbox 50 1645 840 1756; baseline -0.003 -46"><span class='ocrx_word' id='word_1_143' title='bbox 50 1653 265 1752; x_wconf 66' lang='grc' dir='ltr'><strong><em>Λακεδαιμονίην.</em></strong></span> <span class='ocrx_word' id='word_1_144' title='bbox 283 1674 309 1708; x_wconf 92' lang='grc' dir='ltr'><strong><em>ο</em></strong></span> <span class='ocrx_word' id='word_1_145' title='bbox 298 1647 394 1706; x_wconf 83' lang='lat'>‘66</span> <span class='ocrx_word' id='word_1_146' title='bbox 368 1671 437 1707; x_wconf 84' lang='grc' dir='ltr'><strong><em>ειπε·</em></strong></span> <span class='ocrx_word' id='word_1_147' title='bbox 456 1645 588 1716; x_wconf 86' lang='grc' dir='ltr'><strong><em>Ηκουσας</em></strong></span> <span class='ocrx_word' id='word_1_148' title='bbox 600 1653 646 1724; x_wconf 90' lang='grc' dir='ltr'><strong><em>μέν</em></strong></span> <span class='ocrx_word' id='word_1_149' title='bbox 657 1657 713 1756; x_wconf 83' lang='grc' dir='ltr'><strong><em>μέν</em></strong></span> <span class='ocrx_word' id='word_1_150' title='bbox 717 1653 761 1707; x_wconf 84' lang='grc' dir='ltr'><strong><em>καί</em></strong></span> <span class='ocrx_word' id='word_1_151' title='bbox 772 1649 840 1727; x_wconf 87' lang='grc' dir='ltr'><strong><em>πρό-</em></strong></span> 
     </span>
     <span class='ocr_line' id='line_1_20' title="bbox 51 1729 842 1830; baseline -0.001 -39"><span class='ocrx_word' id='word_1_152' title='bbox 51 1756 135 1810; x_wconf 85' lang='grc' dir='ltr'><strong><em>τερον,</em></strong></span> <span class='ocrx_word' id='word_1_153' title='bbox 156 1755 211 1790; x_wconf 87' lang='grc' dir='ltr'><strong><em>ευιε</em></strong></span> <span class='ocrx_word' id='word_1_154' title='bbox 225 1731 340 1830; x_wconf 81' lang='grc' dir='ltr'><strong><em>ὁρμῶμεν</em></strong></span> <span class='ocrx_word' id='word_1_155' title='bbox 356 1734 398 1789; x_wconf 78' lang='grc' dir='ltr'><strong><em>ἐπί</em></strong></span> <span class='ocrx_word' id='word_1_156' title='bbox 411 1729 457 1802; x_wconf 78' lang='grc' dir='ltr'><strong><em>τὴν</em></strong></span> <span class='ocrx_word' id='word_1_157' title='bbox 467 1729 586 1800; x_wconf 77' lang='grc' dir='ltr'><strong><em>Ἑλλάδα,</em></strong></span> <span class='ocrx_word' id='word_1_158' title='bbox 606 1734 667 1808; x_wconf 78' lang='grc' dir='ltr'><strong><em>περὶ</em></strong></span> <span class='ocrx_word' id='word_1_159' title='bbox 678 1733 729 1790; x_wconf 88' lang='grc' dir='ltr'><strong><em>τών</em></strong></span> <span class='ocrx_word' id='word_1_160' title='bbox 742 1731 842 1809; x_wconf 77' lang='grc' dir='ltr'><strong><em>ἀνδρῶν</em></strong></span> 
     </span>
     <span class='ocr_line' id='line_1_21' title="bbox 52 1811 841 1892; baseline -0.004 -18"><span class='ocrx_word' id='word_1_161' title='bbox 52 1813 158 1876; x_wconf 84' lang='grc' dir='ltr'><strong><em>τούτων</em></strong></span> <span class='ocrx_word' id='word_1_162' title='bbox 172 1812 303 1880; x_wconf 75' lang='grc' dir='ltr'><strong><em>ἀκούσας</em></strong></span> <span class='ocrx_word' id='word_1_163' title='bbox 325 1817 353 1872; x_wconf 85' lang='grc' dir='ltr'><strong><em>δέ</em></strong></span> <span class='ocrx_word' id='word_1_164' title='bbox 372 1811 470 1889; x_wconf 73' lang='grc' dir='ltr'><strong><em>μέλοιτό</em></strong></span> <span class='ocrx_word' id='word_1_165' title='bbox 489 1837 522 1890; x_wconf 88' lang='grc' dir='ltr'><strong><em>με</em></strong></span> <span class='ocrx_word' id='word_1_166' title='bbox 545 1817 610 1872; x_wconf 70' lang='grc' dir='ltr'><strong><em>ἔθευ</em></strong></span> <span class='ocrx_word' id='word_1_167' title='bbox 631 1818 738 1888; x_wconf 71' lang='grc' dir='ltr'><strong><em>λέγοντα</em></strong></span> <span class='ocrx_word' id='word_1_168' title='bbox 759 1815 841 1892; x_wconf 80' lang='grc' dir='ltr'><strong><em>τῇπερ</em></strong></span> 
     </span>
     <span class='ocr_line' id='line_1_22' title="bbox 54 1893 838 2002; baseline -0.006 -46"><span class='ocrx_word' id='word_1_169' title='bbox 54 1897 124 1974; x_wconf 89' lang='grc' dir='ltr'><strong><em>ώρων</em></strong></span> <span class='ocrx_word' id='word_1_170' title='bbox 135 1894 292 1972; x_wconf 75' lang='grc' dir='ltr'><strong><em>ἐκβησόμενα</em></strong></span> <span class='ocrx_word' id='word_1_171' title='bbox 305 1894 467 2002; x_wconf 69' lang='grc' dir='ltr'><strong><em>πρήγματα</em></strong></span> <span class='ocrx_word' id='word_1_172' title='bbox 460 1897 555 1954; x_wconf 76' lang='grc' dir='ltr'><strong><em>ταῦτα·</em></strong></span> <span class='ocrx_word' id='word_1_173' title='bbox 578 1897 634 1969; x_wconf 75' lang='grc' dir='ltr'><strong><em>ἐμοι</em></strong></span> <span class='ocrx_word' id='word_1_174' title='bbox 649 1893 702 1970; x_wconf 70' lang='grc' dir='ltr'><strong><em>γὰρ</em></strong></span> <span class='ocrx_word' id='word_1_175' title='bbox 715 1917 762 1966; x_wconf 90' lang='grc' dir='ltr'><strong><em>την</em></strong></span> <span class='ocrx_word' id='word_1_176' title='bbox 777 1894 838 1994; x_wconf 77' lang='grc' dir='ltr'><strong><em>ἀλη-</em></strong></span> 
     </span>
     <span class='ocr_line' id='line_1_23' title="bbox 54 1967 840 2060; baseline -0.005 -22"><span class='ocrx_word' id='word_1_177' title='bbox 54 1979 167 2052; x_wconf 79' lang='grc' dir='ltr'><strong><em>θη’ί“ην’</em></strong></span> <span class='ocrx_word' id='word_1_178' title='bbox 153 1981 251 2038; x_wconf 90' lang='grc' dir='ltr'><strong><em>ασκέειν</em></strong></span> <span class='ocrx_word' id='word_1_179' title='bbox 272 1977 347 2036; x_wconf 80' lang='grc' dir='ltr'><strong><em>ἆντία</em></strong></span> <span class='ocrx_word' id='word_1_180' title='bbox 366 1979 424 2044; x_wconf 81' lang='grc' dir='ltr'><strong><em>σεύ,</em></strong></span> <span class='ocrx_word' id='word_1_181' title='bbox 446 2001 467 2035; x_wconf 89' lang='grc' dir='ltr'><em>ω</em></span> <span class='ocrx_word' id='word_1_182' title='bbox 453 1967 647 2050; x_wconf 74' lang='grc' dir='ltr'><strong><em>βασιλεῦ,’</em></strong></span> <span class='ocrx_word' id='word_1_183' title='bbox 632 1975 703 2060; x_wconf 76' lang='grc' dir='ltr'><strong><em>αμών</em></strong></span> <span class='ocrx_word' id='word_1_184' title='bbox 720 1975 840 2050; x_wconf 74' lang='grc' dir='ltr'><strong><em>μέγιστός</em></strong></span> 
     </span>
     <span class='ocr_line' id='line_1_24' title="bbox 55 2056 839 2135; baseline -0.005 -15"><span class='ocrx_word' id='word_1_185' title='bbox 55 2071 113 2122; x_wconf 82' lang='grc' dir='ltr'><strong><em>ἐστι.</em></strong></span> <span class='ocrx_word' id='word_1_186' title='bbox 146 2059 258 2120; x_wconf 71' lang='grc' dir='ltr'><strong><em>ἄκουσαν</em></strong></span> <span class='ocrx_word' id='word_1_187' title='bbox 280 2063 307 2119; x_wconf 88' lang='grc' dir='ltr'><strong><em>δέ</em></strong></span> <span class='ocrx_word' id='word_1_188' title='bbox 328 2084 373 2118; x_wconf 90' lang='grc' dir='ltr'><strong><em>και</em></strong></span> <span class='ocrx_word' id='word_1_189' title='bbox 363 2059 444 2118; x_wconf 73' lang='grc' dir='ltr'><strong><em>νύδ.</em></strong></span> <span class='ocrx_word' id='word_1_190' title='bbox 473 2084 499 2118; x_wconf 87' lang='grc' dir='ltr'><strong><em>οι</em></strong></span> <span class='ocrx_word' id='word_1_191' title='bbox 489 2056 654 2135; x_wconf 84' lang='grc' dir='ltr'><strong><em>όίνδρες</em></strong></span> <span class='ocrx_word' id='word_1_192' title='bbox 626 2081 698 2116; x_wconf 86' lang='grc' dir='ltr'><strong><em>ουτοι</em></strong></span> <span class='ocrx_word' id='word_1_193' title='bbox 714 2056 839 2116; x_wconf 76' lang='grc' dir='ltr'><strong><em>ἀπίκαται</em></strong></span> 
     </span>
     <span class='ocr_line' id='line_1_25' title="bbox 55 2139 836 2220; baseline -0.009 -17"><span class='ocrx_word' id='word_1_194' title='bbox 55 2142 217 2220; x_wconf 83' lang='grc' dir='ltr'><strong><em>μαχεσόμενοι</em></strong></span> <span class='ocrx_word' id='word_1_195' title='bbox 235 2143 295 2219; x_wconf 78' lang='grc' dir='ltr'><strong><em>ημῖν</em></strong></span> <span class='ocrx_word' id='word_1_196' title='bbox 316 2142 437 2220; x_wconf 75' lang='grc' dir='ltr'><strong><em>περὶτῆς</em></strong></span> <span class='ocrx_word' id='word_1_197' title='bbox 454 2139 560 2209; x_wconf 74' lang='grc' dir='ltr'><strong><em>ἐσόδου,</em></strong></span> <span class='ocrx_word' id='word_1_198' title='bbox 588 2140 732 2198; x_wconf 74' lang='grc' dir='ltr'><strong><em>καὶταῦτα</em></strong></span> <span class='ocrx_word' id='word_1_199' title='bbox 747 2163 836 2216; x_wconf 87' lang='grc' dir='ltr'><strong><em>παρα-</em></strong></span> 
     </span>
     <span class='ocr_line' id='line_1_26' title="bbox 57 2220 837 2302; baseline -0.01 -16"><span class='ocrx_word' id='word_1_200' title='bbox 57 2223 219 2295; x_wconf 81' lang='grc' dir='ltr'><strong><em>υκαιόζονται,</em></strong></span> <span class='ocrx_word' id='word_1_201' title='bbox 255 2223 334 2302; x_wconf 87' lang='grc' dir='ltr'><strong><em>νόμος</em></strong></span> <span class='ocrx_word' id='word_1_202' title='bbox 351 2221 404 2301; x_wconf 80' lang='grc' dir='ltr'><strong><em>μόρ</em></strong></span> <span class='ocrx_word' id='word_1_203' title='bbox 422 2247 470 2298; x_wconf 78' lang='grc' dir='ltr'><strong><em>σφι</em></strong></span> <span class='ocrx_word' id='word_1_204' title='bbox 491 2221 559 2282; x_wconf 82' lang='grc' dir='ltr'><strong><em>ούτω</em></strong></span> <span class='ocrx_word' id='word_1_205' title='bbox 579 2224 642 2295; x_wconf 79' lang='grc' dir='ltr'><strong><em>έχων</em></strong></span> <span class='ocrx_word' id='word_1_206' title='bbox 663 2225 728 2280; x_wconf 87' lang='grc' dir='ltr'><strong><em>ίστί·</em></strong></span> <span class='ocrx_word' id='word_1_207' title='bbox 758 2220 837 2280; x_wconf 84' lang='grc' dir='ltr'><strong><em>έπεόιν</em></strong></span> 
     </span>
     <span class='ocr_line' id='line_1_27' title="bbox 55 2301 835 2410; baseline -0.009 -42"><span class='ocrx_word' id='word_1_208' title='bbox 55 2314 153 2388; x_wconf 74' lang='grc' dir='ltr'><strong><em>μέλλωσι</em></strong></span> <span class='ocrx_word' id='word_1_209' title='bbox 164 2306 356 2368; x_wconf 87' lang='grc' dir='ltr'><strong><em>κινδυνεύειν</em></strong></span> <span class='ocrx_word' id='word_1_210' title='bbox 325 2331 359 2410; x_wconf 80' lang='grc' dir='ltr'><strong><em>τη</em></strong></span> <span class='ocrx_word' id='word_1_211' title='bbox 371 2308 450 2384; x_wconf 76' lang='grc' dir='ltr'><strong><em>ψυχῇ,</em></strong></span> <span class='ocrx_word' id='word_1_212' title='bbox 457 2303 516 2364; x_wconf 86' lang='grc' dir='ltr'><strong><em>τότε</em></strong></span> <span class='ocrx_word' id='word_1_213' title='bbox 529 2303 576 2371; x_wconf 83' lang='grc' dir='ltr'><strong><em>τὰς</em></strong></span> <span class='ocrx_word' id='word_1_214' title='bbox 587 2301 701 2404; x_wconf 78' lang='grc' dir='ltr'><strong><em>κεφαλὰς</em></strong></span> <span class='ocrx_word' id='word_1_215' title='bbox 711 2307 835 2379; x_wconf 83' lang='grc' dir='ltr'><strong><em>κοσμέον-</em></strong></span> 
     </span>
     <span class='ocr_line' id='line_1_28' title="bbox 56 2384 837 2462; baseline -0.006 -14"><span class='ocrx_word' id='word_1_216' title='bbox 56 2415 103 2449; x_wconf 89' lang='grc' dir='ltr'><strong><em>ται.</em></strong></span> <span class='ocrx_word' id='word_1_217' title='bbox 128 2395 251 2462; x_wconf 68' lang='grc' dir='ltr'><strong><em>διίστασο</em></strong></span> <span class='ocrx_word' id='word_1_218' title='bbox 275 2387 486 2458; x_wconf 83' lang='grc' dir='ltr'><strong><em>δέ,εέιτούτους</em></strong></span> <span class='ocrx_word' id='word_1_219' title='bbox 507 2411 535 2446; x_wconf 90' lang='grc' dir='ltr'><strong><em>τε</em></strong></span> <span class='ocrx_word' id='word_1_220' title='bbox 554 2384 646 2446; x_wconf 81' lang='grc' dir='ltr'><strong><em>καὶτὸ</em></strong></span> <span class='ocrx_word' id='word_1_221' title='bbox 665 2385 793 2462; x_wconf 68' lang='grc' dir='ltr'><strong><em>ὑπομένον</em></strong></span> <span class='ocrx_word' id='word_1_222' title='bbox 810 2392 837 2443; x_wconf 80' lang='grc' dir='ltr'><strong><em>έν</em></strong></span> 
     </span>
     <span class='ocr_line' id='line_1_29' title="bbox 59 2465 835 2570; baseline -0.009 -38"><span class='ocrx_word' id='word_1_223' title='bbox 59 2471 155 2570; x_wconf 77' lang='grc' dir='ltr'><strong><em>Σπάρτη</em></strong></span> <span class='ocrx_word' id='word_1_224' title='bbox 167 2477 370 2550; x_wconf 82' lang='grc' dir='ltr'><strong><em>καταστρέψεαι,</em></strong></span> <span class='ocrx_word' id='word_1_225' title='bbox 391 2473 445 2530; x_wconf 75' lang='grc' dir='ltr'><strong><em>ἔστι</em></strong></span> <span class='ocrx_word' id='word_1_226' title='bbox 463 2467 536 2528; x_wconf 82' lang='grc' dir='ltr'><strong><em>ούδέν</em></strong></span> <span class='ocrx_word' id='word_1_227' title='bbox 552 2467 614 2528; x_wconf 79' lang='grc' dir='ltr'><strong><em>οίίλσ</em></strong></span> <span class='ocrx_word' id='word_1_228' title='bbox 633 2470 713 2534; x_wconf 74' lang='grc' dir='ltr'><strong><em>ἐ’θνος</em></strong></span> <span class='ocrx_word' id='word_1_229' title='bbox 726 2465 835 2546; x_wconf 78' lang='grc' dir='ltr'><strong><em>ἀνθρώ-</em></strong></span> 
     </span>
     <span class='ocr_line' id='line_1_30' title="bbox 58 2547 834 2630; baseline -0.008 -15"><span class='ocrx_word' id='word_1_230' title='bbox 58 2579 108 2616; x_wconf 80' lang='grc' dir='ltr'><strong><em>πων</em></strong></span> <span class='ocrx_word' id='word_1_231' title='bbox 123 2553 150 2614; x_wconf 90' lang='grc' dir='ltr'><strong><em>τό</em></strong></span> <span class='ocrx_word' id='word_1_232' title='bbox 168 2579 209 2624; x_wconf 91' lang='grc' dir='ltr'><strong><em>σε,</em></strong></span> <span class='ocrx_word' id='word_1_233' title='bbox 231 2551 384 2630; x_wconf 77' lang='grc' dir='ltr'><strong><em>βασιλεύ,</em></strong></span> <span class='ocrx_word' id='word_1_234' title='bbox 370 2555 501 2630; x_wconf 85' lang='grc' dir='ltr'><strong><em>υπομενέει</em></strong></span> <span class='ocrx_word' id='word_1_235' title='bbox 515 2560 605 2628; x_wconf 78' lang='grc' dir='ltr'><strong><em>χεῖρας</em></strong></span> <span class='ocrx_word' id='word_1_236' title='bbox 625 2547 834 2628; x_wconf 83' lang='grc' dir='ltr'><strong><em>ἆνταειρόμενον·</em></strong></span> 
     </span>
     <span class='ocr_line' id='line_1_31' title="bbox 59 2632 836 2730; baseline -0.01 -32"><span class='ocrx_word' id='word_1_237' title='bbox 59 2643 100 2698; x_wconf 81' lang='grc' dir='ltr'><strong><em>νύν</em></strong></span> <span class='ocrx_word' id='word_1_238' title='bbox 117 2636 163 2718; x_wconf 78' lang='grc' dir='ltr'><strong><em>μύρ</em></strong></span> <span class='ocrx_word' id='word_1_239' title='bbox 183 2636 249 2716; x_wconf 85' lang='grc' dir='ltr'><strong><em>πρὸς</em></strong></span> <span class='ocrx_word' id='word_1_240' title='bbox 271 2637 431 2730; x_wconf 73' lang='grc' dir='ltr'><strong><em>βασιληίην</em></strong></span> <span class='ocrx_word' id='word_1_241' title='bbox 424 2657 453 2694; x_wconf 86' lang='grc' dir='ltr'><strong><em>τε</em></strong></span> <span class='ocrx_word' id='word_1_242' title='bbox 472 2637 607 2707; x_wconf 80' lang='grc' dir='ltr'><strong><em>καλλίστην</em></strong></span> <span class='ocrx_word' id='word_1_243' title='bbox 629 2635 680 2698; x_wconf 85' lang='grc' dir='ltr'><strong><em>τών</em></strong></span> <span class='ocrx_word' id='word_1_244' title='bbox 695 2641 722 2693; x_wconf 86' lang='grc' dir='ltr'><strong><em>έν</em></strong></span> <span class='ocrx_word' id='word_1_245' title='bbox 734 2632 836 2706; x_wconf 77' lang='grc' dir='ltr'><strong><em>Ἕλλησι</em></strong></span> 
     </span>
    </p>
   </div>
   <div class='ocr_carea' id='block_1_3' title="bbox 0 0 1018 2926">
    <p class='ocr_par' dir='ltr' id='par_1_4' title="bbox 0 0 1018 2926">
     <span class='ocr_line' id='line_1_32' title="bbox 0 0 1018 2926; baseline 0 0"><span class='ocrx_word' id='word_1_246' title='bbox 0 0 1018 2926; x_wconf 95' lang='lat' dir='ltr'><strong><em> </em></strong></span> 
     </span>
    </p>
   </div>
  </div>
 </body>
</html>
