2008 2922
251 161 679 214 Llss.v11.cA·P.11-·-16.
759 181 762 186 ¹
826 164 859 216 λδ

44 278 124 331 ἐστε.
173 273 278 348 Πέρσαι
301 267 405 346 μένεός
426 264 543 342 ἥκουσαν
564 270 666 338 ταῦτα,
692 269 859 373 κεχαρηκότες

44 349 242 432 προσεκύνεον.

120 441 164 492 14.
188 431 291 500 Νυκτός
305 436 332 492 δέ
345 437 487 510 χωομένης,
502 425 574 500 αύτις
586 429 667 494 τῶυτὸ
682 431 780 512 όνειρον
792 435 858 504 ἔλεξε

47 517 91 593 τῷ
111 521 196 622 Ξέρξῃ
213 521 398 622 κατιστνωμένῳ
416 515 538 575 έπιστύν·
564 541 585 573 ω
603 539 653 574 παι
642 523 792 594 Δαρείου,
814 522 858 580 καί

49 575 87 670 δίη
107 603 216 674 φαίνεαι
232 605 258 656 έν
276 603 399 676 Πέρσῃσί
413 623 442 658 τε
459 597 634 675 ἆπειπόμενος
651 598 697 672 τὴν
711 605 855 701 στρρττηλα-

51 685 116 753 σίην
137 683 182 738 καί
202 679 237 738 τὰ
259 678 308 756 ἐμὰ
330 684 394 740 έπεα
417 689 443 739 έν
463 679 547 740 owen
569 679 720 758 ποιεύμενος
736 682 842 784 λόχῳ
823 707 857 784 τρς

49 787 112 841 παρ
113 761 272 829 ούᾶενός’
258 761 380 830 ακούσας.
407 755 436 822 εύ
449 787 494 822 νυν
507 762 563 824 τόδ
580 762 682 832 ίσθι,’
664 788 745 842 ηνπερ
756 790 792 841 μη
806 764 854 824 αύ-

49 851 115 907 τίκα
133 850 334 922 στρατηλατέῃς,
355 844 418 904 τάδε
434 871 475 906 τοι
492 853 519 913 ἐξ
538 843 623 904 αύτῶκ
640 845 795 921 ἀνασχήσει·
821 847 856 915 ὧς

49 931 196 1005 καΐμέχας
213 931 257 986 καί
273 927 367 995 πολλός
383 933 466 1004 έχένεο
484 934 511 986 έν
525 925 601 1005 ὃλίχῳ
609 927 709 1007 χρόνῳ,
731 929 798 990 ούτω
810 933 856 990 καί

49 1009 179 1077 ταπεινὸς
193 1009 277 1070 όπίσω
290 1009 357 1069 κατὰ
370 1009 449 1084 τάχος
463 1013 541 1070 έσεαι.
598 1027 602 1034 ’

119 1101 160 1152 15.
183 1098 276 1171 Ξερξης
292 1097 338 1170 μέν
355 1091 472 1170 περιδεής
489 1091 626 1170 γενόμενος
642 1095 674 1171 τῇ
689 1091 749 1171 όψει
763 1092 814 1153 ἇνά
826 1117 855 1154 τε

51 1180 153 1254 έδραμε
170 1183 196 1234 ἐκ
213 1177 258 1248 τῆς
274 1179 358 1248 κοίτης
375 1179 419 1234 καί
436 1181 528 1250 πέμπει
544 1174 655 1252 όχχελον
673 1180 715 1235 ἐπὶ
726 1176 852 1254 Ἀρτόβα·

51 1283 104 1320 νον
115 1263 247 1318 καλέοντα.
275 1257 419 1335 ἀπικομένῳ
433 1261 461 1317 δέ
474 1261 500 1318 oi
512 1261 579 1334 ἰλεχε
594 1263 688 1335 Ξέρξης
701 1258 774 1318 τόδε·
794 1259 852 1338 Ἀρ-

51 1340 165 1417 τοίβανε,
184 1341 234 1418 έχώ
246 1338 278 1401 τὸ
290 1346 437 1418 παραυτίκα
448 1345 494 1422 μέν
506 1339 552 1400 ούκ
564 1339 728 1418 ἐσωφρόνεον
740 1347 815 1410 εἴπας
828 1349 853 1409 ές

53 1429 88 1486 σέ
99 1422 197 1501 μάταια
211 1426 274 1483 έπεα
285 1425 398 1501 χρηστῆς
411 1426 494 1482 εἵνεκα
506 1425 671 1499 συμβουλίης·
691 1423 756 1500 μετὰ
767 1431 854 1502 μέντοι
928 1467 936 1473 -

55 1506 91 1570 ού
103 1505 199 1566 πολλόν
214 1505 311 1584 χρόνον
325 1512 461 1584 μετέγνων,
486 1509 566 1583 ἔγνων
581 1509 609 1564 δέ
621 1506 705 1565 ταῦτά
718 1532 763 1586 μοι
774 1531 851 1580 ποιη-
892 1527 896 1533 ’

54 1595 103 1652 τέα
123 1588 198 1649 έόντα
217 1589 250 1648 τὰ
270 1588 304 1649 σύ
325 1587 474 1661 &maim
507 1586 589 1648 σύκων
605 1589 720 1690 ιλυνριτός
740 1596 782 1650 τοί
802 1593 852 1668 είμι

53 1675 141 1734 ταῦτα
158 1677 252 1732 ποιέειν
270 1672 435 1749 βουλόμενος·
456 1677 617 1750 τετραμμένῳ
633 1671 685 1750 χόρ
703 1673 734 1747 δὴ
748 1677 792 1733 καί
804 1698 849 1752 με·

54 1753 191 1834 τεχνωκότι
208 1757 346 1830 ἐπιφοιτῶν
365 1754 475 1832 όνειρσν
483 1754 643 1855 ῳαντόζεταί
663 1780 708 1832 μοι
732 1757 850 1834 οὐδαμῶς

56 1844 211 1922 συνέπαινον
228 1837 270 1898 ἐὸν
287 1843 382 1897 ποιέειν
398 1862 431 1912 με
447 1839 542 1896 ταύτα
563 1839 610 1896 νύν
622 1841 649 1895 δέ
662 1863 706 1896 και
697 1841 848 1912 ιλιαπειλῆ

57 1945 111 1983 σαν
124 1927 227 1995 οἴχεται.
253 1920 276 1979 εί
294 1911 330 1979 τόν
348 1919 442 1986 θεός’
429 1942 484 1979 εστι
497 1946 513 1978 ο
502 1919 674 1994 ἐπιπέμπων
685 1925 730 1978 καί
742 1923 768 1979 σί
780 1920 847 1980 πόν-

55 2029 106 2070 τως
124 2011 149 2063 ἐν
165 2003 276 2080 ηὸονη’
263 2027 317 2062 εστι
332 2007 461 2080 γενέσθαι
467 2006 670 2098 στρατηλασίην
686 1999 766 2060 ἐπί
740 2027 786 2073 την
794 2001 847 2062 Ἑλ-

57 2083 140 2183 λμδα,
157 2081 320 2153 έπιπτησεται
332 2083 376 2138 καί
389 2083 431 2138 σοί
443 2079 525 2139 τώυτὸ
538 2082 613 2139 τούτο
620 2078 737 2179 ὄνειρον,
757 2078 849 2177 ὁμοίως

57 2164 93 2230 ὡς
109 2165 152 2221 καὶ
167 2171 223 2238 ἐμοι
213 2160 418 2262 ἐντελλόμενον.
444 2162 551 2238 εὑρίσκω
568 2164 594 2218 δέ
611 2153 686 2218 66²²
675 2159 708 2218 σίν
726 2159 849 2259 χινόμενρ

57 2247 151 2314 ταύτα,
165 2271 186 2304 ει
179 2234 323 2320 λάβοις
297 2269 342 2316 την
355 2243 415 2343 έμην
428 2243 521 2316 σκευὴν
533 2245 632 2351 πᾶρρν,
644 2267 688 2300 και
680 2241 771 2308 ἐνδύς
782 2242 848 2320 μετὰ

57 2329 135 2388 τούτο
152 2331 245 2396 ίζσιο’
232 2352 257 2393 ες
272 2325 318 2386 τόν
331 2326 391 2403 ἐμὸν
403 2323 516 2404 θρόνον,
536 2329 580 2385 καί
595 2329 682 2386 ἔπειτα
694 2331 720 2384 έν
731 2329 803 2400 κοίτη
816 2327 848 2400 τῇ

62 2413 109 2487 ἐμῇ
121 2408 318 2504 κατυπνώσειας.

118 2492 157 2542 16.
179 2489 272 2560 Ξέρξης
288 2488 334 2560 μέν
351 2481 434 2541 ταυταί
453 2508 479 2542 οι
469 2485 580 2560 εἔλαχε·
602 2481 760 2592 Ἀρτρίβανος
777 2486 847 2546 δέ’
818 2512 849 2550 ον

58 2567 94 2625 τῶ
80 2565 195 2644 πρώτῳ
209 2591 235 2624 οι
225 2565 395 2641 “κελεύσματι
407 2565 612 2642 πειθόμενος·
587 2592 630 2626 οια
644 2593 689 2626 ουκ
703 2567 848 2649 ἀξιεύμενος

58 2648 121 2718 ἐς
96 2673 140 2711 τον
151 2647 284 2726 βασιλήϊον
297 2648 400 2728 θρόνον
411 2651 526 2721 ἱξεσθαι,
542 2649 656 2720 τέλος,’
637 2675 671 2718 ως
682 2650 847 2731 ιἠναχκύζετο
