1898 3012
142 151 187 201 154
445 153 646 200 HERODOTI

154 264 293 333 πέμψαντα
310 253 391 316 τάσδε
408 254 455 323 τὰς
471 259 563 324 πέδας,
587 256 608 314 ελ
621 252 754 322 ἐξαπατᾶν
766 240 869 318 τούςεύ
886 274 927 308 πο

153 341 243 405 εύντας
258 337 338 414 νόμος
356 341 453 398 ἐστί’
427 363 460 440 ρι.
502 339 591 414 Κύρος
607 341 674 395 δέ’
651 343 733 413 είρετο
756 334 784 394 ὅ
788 359 812 392 τι
831 337 857 393 οἱ
869 335 927 393 τούτ

127 475 133 480 .
153 419 314 498 ἐπημορεύων
326 420 501 528 παραιτέοιτρ.
543 426 661 496 Κροῖσος
679 416 707 476 δέ
725 443 751 475 οι
741 399 927 508 ἐπύλιλλύγητ

152 505 243 562 πᾶσαν
264 502 311 576 τὴν
331 505 426 562 ’ἐωυτού
447 501 563 562 διάνοιαν
584 504 627 560 καί
648 500 699 558 τῶν
718 503 879 606 χρηστηρίων
902 505 927 556 τι

151 585 340 663 ὑποκρίσιας,
326 609 369 644 ιιαι
361 583 535 662 μάλιστα
507 609 541 642 τα
555 580 724 658 ἆναθηματα,
745 583 789 638 καλ
810 579 845 646 ὦς
863 585 927 658 ἐπαρ

152 670 213 734 θείς
229 669 263 742 τύ
275 669 388 744 μαντηίῳ
407 665 597 772 ἐστρατεύσατο
616 667 658 764 ἐπὶ
671 662 787 740 Πέρσας.
813 659 907 738 λέγων
923 689 927 720 ι

152 751 247 816 ταύταν,
273 749 407 823 κατέβαινε
430 755 500 814 αι’ντις
520 744 727 844 παραιτεόμενος
744 748 842 802 ἐπεῖναί
861 746 887 802 οἱ
911 767 927 802 τ

152 831 210 930 θερν
228 828 325 888 τούτων
343 829 472 889 ονειδίσαι.
515 831 604 905 Κύρος
621 831 649 884 δέ
665 824 777 903 γελάσας
795 835 860 882 ειπε·
888 837 927 883 Κι

152 910 246 1012 ταύτρμ
263 909 362 1010 τεύξεαι
378 935 434 989 παρ
457 911 527 989 ἐμεύ,
554 915 666 986 Κροῖσε,
693 911 736 966 καί
755 904 831 966 αλλου
846 929 927 968 παντι

152 993 200 1052 τού
214 1015 246 1050 αν
258 990 380 1050 ἑκάστοτε
393 995 446 1070 δέη.
485 992 531 1058 Ὡς
548 995 576 1049 δέ
588 991 670 1049 ταύτα
683 987 778 1062 η’νουσε
792 1015 807 1048 ο
796 988 927 1084 Κροῖσο

153 1079 259 1150 πέμπων
271 1074 322 1132 τῶν
335 1076 429 1134 Λυδῶν
442 1082 467 1141 ἐς
481 1072 604 1148 Δελφούς,
618 1077 752 1130 ἐνετέλλετο
766 1075 886 1136 τιθέντας
899 1065 927 1130 τί

153 1159 233 1222 πέδας
251 1159 293 1215 ἐπι
309 1179 356 1216 του
373 1158 437 1230 νηού
455 1155 501 1216 τὸν
519 1155 630 1216 οὐδέν’
608 1155 727 1232 ειρυτᾶν,
754 1155 776 1210 εἶ
787 1177 820 1212 ου
832 1175 856 1209 τι
869 1159 927 1210 ἐπαί

155 1237 275 1312 σμύνεται
295 1261 363 1298 τοισι
383 1238 528 1316 μαντηίοισι
550 1235 648 1314 ἐπάρας
669 1243 787 1336 Κροισον
807 1227 927 1310 στρατεύι

155 1328 226 1378 σθαι
239 1324 281 1379 ἐπὶ
289 1327 402 1398 Πέρσας,
416 1321 450 1388 ὥς
462 1319 666 1379 καταπαύσοντα
679 1317 724 1390 την
732 1315 822 1394 Κύρου
831 1313 927 1392 δύναμι

155 1401 198 1460 ἄπ’
214 1394 244 1472 ἧς
257 1426 283 1460 οι
273 1401 436 1506 οινρρθίνια
449 1405 557 1459 τοιαύτα
566 1407 712 1476 γενέσθαι,
740 1396 881 1463 δεικνύντας
899 1399 927 1456 τί

153 1485 245 1547 πέδας
272 1480 355 1538 ταυτύ
367 1505 395 1538 τε
409 1483 558 1559 ἐπειρωτᾶν,
585 1483 629 1540 καὶ
646 1505 669 1540 ει
659 1479 850 1558 ’ἀχαρίστοισι
866 1477 927 1552 νύμι

152 1561 219 1622 εἶναι
231 1569 299 1622 τοῖσι
309 1561 469 1636 Ελληνινοῒσι
481 1569 579 1624 θεοισι.

216 1652 256 1703 91.
274 1643 459 1722 Ἀπιιιομένοισι
477 1649 504 1704 δὲ
521 1653 590 1706 τοῖσι
607 1649 719 1706 Λυδοῖσι
735 1648 780 1704 καὶ
797 1649 899 1720 λέγουσι
914 1663 927 1704 τ

155 1731 318 1803 ἐντεταλμένα
336 1725 382 1798 τὴν
395 1733 505 1800 Πυθίην
522 1733 620 1805 λέγεται
637 1729 716 1787 εἰπεῖν
728 1727 802 1786 τάδε·
822 1723 883 1796 ’Τὴν
895 1750 927 1788 ττι

154 1813 288 1885 πρωμένην
308 1817 402 1914 μοῖραν
424 1808 572 1872 ύδύνατύέ
572 1835 613 1869 στι
636 1809 791 1886 ἇποφνγέειν
811 1810 854 1866 ναι
876 1814 927 1878 θεν

38 1913 41 1920 ’
114 1925 119 1932 ·
154 1897 271 1966 Κροισος
285 1893 312 1948 δὲ
324 1897 441 1968 πέμπτου
454 1897 542 1968 γονέος
555 1892 694 1993 μμαρτύδα
707 1888 871 1963 ἐξέπλησε,
855 1913 884 1954 ος
898 1889 927 1950 ἐτί

112 2025 114 2031 ,
155 1971 299 2072 δορυφόρος
318 1972 510 2050 Ἡρακλειδέων,
532 1973 598 2050 δόλῳ
615 1975 751 2074 μυνμιιιηίάι
773 1967 927 2048 ἐπισπόμενι

154 2053 315 2128 wama*
289 2078 335 2113 τον
349 2055 488 2126 δεσπότεα,
510 2059 554 2115 ναι
572 2059 630 2130 έσχε
642 2055 689 2128 την
702 2059 796 2114 ἐιιείνου
809 2077 883 2130 τιμην
896 2053 927 2114 ού

154 2139 240 2196 δέν
214 2161 240 2195 οι
256 2135 448 2213 προσήκουσαν.
475 2143 690 2240 προθυμεομένου
708 2139 736 2195 δέ
749 2134 895 2203 Λοξίεω,“
879 2155 927 2196 ona?

156 2217 188 2276 ἂν
200 2218 267 2276 κατὰ
279 2217 340 2284 τούς
356 2223 452 2287 παῖδας
464 2219 524 2320 τρύς
536 2223 655 2296 Κροίσου
667 2217 805 2306 ymno*
779 2241 811 2276 το
825 2221 927 2294 Σαρδίιι

154 2299 247 2366 πάθος
259 2304 302 2359 καὶ
314 2325 349 2378 μη
362 2326 410 2360 τιατ
432 2300 511 2361 αύτὸν
523 2307 653 2377 Κροισον,
676 2298 722 2359 οὖν
736 2295 790 2365 οἶός
803 2323 832 2358 τε
845 2305 927 2376 ἐγένετί

154 2390 317 2458 παραγαγεῖν
329 2389 428 2490 μοίρας.
452 2383 523 2444 ὅσον
535 2385 564 2440 δέ
576 2385 747 2440 ἐνέδωκαν
716 2405 806 2450 αυται,
827 2379 927 2454 ηνύσοττ

99 2533 107 2546 ,
154 2466 197 2520 ναί
210 2465 388 2539 ἐχαρίσατόε
363 2491 399 2525 οι·
421 2463 523 2542 τρία
492 2488 543 2540 γαρ
558 2466 614 2522 έτεα
628 2462 836 2540 ἐπανεβάλετο
808 2487 856 2543 την
869 2474 927 2564 ΙΣαρ

140 2547 215 2603 ’δίων
229 2543 335 2612 ἅλωσιν,
360 2550 404 2604 καὶ
416 2547 493 2604 τούτο
507 2544 663 2603 ἐπιστάσθω
675 2545 837 2622 qu'icroc,c
817 2569 852 2612 ως
865 2544 927 2606 ύσττ

155 2648 204 2705 ρον
215 2631 283 2685 τοῖσι
296 2628 362 2686 ἐτεσι
374 2627 489 2690 τούτοισι
502 2625 579 2694 ἁλούς
591 2628 635 2700 τῆς
647 2631 818 2708 πεπρυμινης.
837 2625 927 2707 δεύτερ
