1898 3012
124 129 145 167 rr
398 111 649 164 PRAEFATIO.

126 220 199 276 falso
227 220 385 274 collocatae
406 235 484 288 esse,
513 217 632 287 sustuli,
659 215 709 271 ubi
727 219 931 291 perspicuitati

125 301 239 358 officere
263 300 446 358 videbantur:
474 301 600 355 maxime
627 300 659 354 in
682 309 855 364 commatum
874 322 929 360 usu

123 387 208 460 paulo
223 383 266 440 sui
279 385 409 480 parcior,
430 383 535 458 quibus
546 382 673 458 disiungi
687 383 831 440 interdum
845 386 929 441 vide-

123 486 195 540 rem,
211 485 283 543 quac
297 468 434 542 coniungi
425 465 564 522 iubebat
577 467 729 521 sententia

165 549 221 606 In
212 569 274 624 ipsa
296 551 426 606 oratione
450 549 649 604 constituenda
664 546 862 605 Gaisfordium
874 531 927 624 po-

124 635 267 690 tissimum
297 641 412 690 secutus
440 651 518 704 sum,
548 650 566 687 a
595 631 726 688 codicum
751 634 927 706 auctoritate

123 735 188 774 raro
212 714 413 772 discedentem.
439 713 504 778 ⁴Sed
530 715 580 770 ubi
602 717 753 771 meliorum
770 697 926 786 iihmrum,

123 798 336 856 Sanscroftiani
357 799 498 868 maxime,
520 795 683 854 Florentini
705 807 734 852 et
753 795 882 854 Parisini
905 817 925 854 a

123 885 260 938 lectiones
275 883 454 958 neglexerat,
462 897 521 936 non
534 880 663 937 dubitavi
677 881 760 940 abeo
772 881 923 938 recedere:

123 983 178 1042 qua
193 967 224 1020 in
244 984 275 1019 re
286 965 430 1038 plerisque
445 963 559 1040 quidem
572 966 644 1020 locis
659 964 760 1020 ducem
773 963 862 1022 habui
874 983 926 1039 pe-

121 1047 292 1104 ritissimum
310 1044 332 1102 1.
354 1042 534 1117 Benkasos,
565 1049 646 1102 cuius
674 1065 760 1122 opera
787 1047 845 1104 dici
872 1050 923 1104 vix

121 1139 216 1205 potest
243 1148 328 1206 quam
353 1130 433 1186 utilis
461 1129 550 1184 fucrit
571 1137 600 1185 ct
623 1131 744 1186 salubris
764 1127 923 1186 Herodoto.

122 1212 268 1270 Interdum
281 1222 378 1270 tamen
391 1213 439 1269 vel
451 1212 485 1269 ab
497 1211 552 1268 boc
562 1213 691 1285 discessi,
697 1213 746 1270 ubi
760 1223 810 1270 aut
820 1215 924 1270 melio-

121 1315 167 1353 res
195 1297 331 1353 iubebant
358 1295 486 1366 codices,
517 1305 568 1352 aut
594 1298 714 1352 meliora
740 1297 924 1368 videbantur.

122 1397 194 1455 quae
209 1381 260 1434 olii
266 1377 446 1443 exhibebant
458 1379 538 1436 libri:
567 1381 647 1436 ouius
663 1381 706 1434 rei
720 1381 851 1452 exempla
865 1381 923 1434 alio

122 1461 301 1537 pertractabo
326 1471 470 1536 tempore,
498 1464 633 1538 quoniam
654 1461 768 1536 singula
789 1463 925 1536 persequi

121 1547 155 1601 ab
183 1544 239 1601 boe
262 1545 376 1620 quidem
394 1547 457 1602 loco
480 1547 605 1602 alienum
618 1544 740 1601 videtur.
785 1545 924 1610 Quamvis

120 1637 215 1684 autem
235 1629 366 1685 codicum
382 1631 555 1704 scripturam
573 1647 659 1705 quam
672 1630 820 1686 rarissima
833 1631 923 1686 relin-

121 1711 261 1786 quendam
288 1714 528 1784 existimaverim,
556 1721 618 1770 crat
642 1723 739 1770 tamen
763 1713 813 1768 ubi
842 1713 922 1768 nullo

121 1794 203 1850 modo
224 1813 257 1850 ca
274 1794 345 1852 ferri
362 1815 446 1871 posse
467 1796 627 1854 videretur:
653 1799 684 1853 in
698 1796 836 1853 eiusmodi
850 1796 922 1851 locis

121 1897 231 1952 semper
252 1878 314 1934 fere
329 1899 363 1936 ea
375 1877 473 1954 po'sui,
491 1898 563 1956 quae
576 1888 626 1937 aut
639 1898 656 1936 a
669 1880 814 1955 prioribus
829 1879 922 1936 edito·

120 1961 198 2018 ribus
225 1970 275 2017 aut
302 1959 472 2019 chkkero
496 1965 615 2019 inventa
637 1971 667 2017 et
687 1972 804 2037 recepta
828 1969 931 2030 erant,

120 2043 163 2098 bis
184 2053 280 2100 tamen
293 2048 402 2120 primus
419 2042 454 2099 G.
468 2041 629 2102 Hermanni
643 2045 856 2102 emendationes
870 2061 922 2098 ex-

120 2124 212 2184 hibui:
241 2125 279 2198 11,
300 2127 348 2184 52.
370 2127 420 2184 ubi
441 2121 546 2181 πάντων
563 2128 745 2184 scribendum
765 2146 827 2183 osse
847 2126 923 2180 vidit

120 2211 150 2263 in
164 2211 230 2266 diss.
246 2211 280 2266 dc
296 2208 407 2268 Graeca
420 2209 552 2267 Minerva
564 2231 591 2286 p.
610 2211 655 2266 15.
672 2219 701 2266 et
712 2208 764 2279 111,
782 2208 848 2265 105.
865 2219 930 2282 quoi

120 2293 149 2347 in
171 2295 235 2350 loco
254 2313 342 2370 quum
362 2293 535 2349 medicinam
556 2297 626 2351 satis
647 2293 825 2369 probabilem
839 2292 921 2346 inve-

120 2376 181 2432 nire
200 2377 308 2432 frustra
321 2385 491 2447 tentassem,
513 2395 627 2434 omnem
649 2376 845 2434 difficultatem
858 2381 929 2438 mua

118 2467 178 2515 tata
200 2459 385 2514 distinctione
408 2468 437 2513 ct
455 2463 610 2535 negatione
634 2461 727 2518 dcieta
748 2473 921 2517 evanescere

117 2560 162 2596 me
189 2542 308 2596 monuit.
351 2537 471 2597 Duobus
497 2544 562 2600 aliis
591 2545 663 2601 locis
687 2562 765 2600 meas
790 2542 928 2614 recipere}

118 2626 297 2680 coniecturas
319 2641 383 2680 sum
401 2640 501 2698 ausus,
527 2645 597 2704 quas
615 2647 693 2686 nunc
711 2626 824 2704 quidem
843 2617 928 2679 indi-¹
