<?xml version="1.0" encoding="UTF-8"?>
<!DOCTYPE html PUBLIC "-//W3C//DTD XHTML 1.0 Transitional//EN"
    "http://www.w3.org/TR/xhtml1/DTD/xhtml1-transitional.dtd">
<html xmlns="http://www.w3.org/1999/xhtml" xml:lang="en" lang="en">
 <head>
  <title>
</title>
<meta http-equiv="Content-Type" content="text/html;charset=utf-8" />
  <meta name='ocr-system' content='tesseract 3.04.00' />
  <meta name='ocr-capabilities' content='ocr_page ocr_carea ocr_par ocr_line ocrx_word'/>
</head>
<body>
  <div class='ocr_page' id='page_1' title='image "./herodotihistori08herogoog_0015.png"; bbox 0 0 1898 3012; ppageno 0'>
   <div class='ocr_carea' id='block_1_1' title="bbox 147 135 638 173">
    <p class='ocr_par' dir='ltr' id='par_1_1' title="bbox 147 135 638 173">
     <span class='ocr_line' id='line_1_1' title="bbox 147 135 638 173; baseline 0 -2"><span class='ocrx_word' id='word_1_1' title='bbox 147 137 175 171; x_wconf 88' lang='lat' dir='ltr'>Vl</span> <span class='ocrx_word' id='word_1_2' title='bbox 457 135 638 173; x_wconf 69' lang='lat' dir='ltr'><strong>SUMMARIA·</strong></span> 
     </span>
    </p>
   </div>
   <div class='ocr_carea' id='block_1_2' title="bbox 146 215 949 412">
    <p class='ocr_par' dir='ltr' id='par_1_2' title="bbox 146 215 949 412">
     <span class='ocr_line' id='line_1_2' title="bbox 146 215 949 275; baseline -0.005 -7"><span class='ocrx_word' id='word_1_3' title='bbox 146 226 214 275; x_wconf 82' lang='lat' dir='ltr'>fecit,</span> <span class='ocrx_word' id='word_1_4' title='bbox 229 229 289 268; x_wconf 87' lang='lat' dir='ltr'>etue</span> <span class='ocrx_word' id='word_1_5' title='bbox 303 222 420 268; x_wconf 87' lang='lat' dir='ltr'>insulanos</span> <span class='ocrx_word' id='word_1_6' title='bbox 434 221 596 275; x_wconf 74' lang='lat' dir='ltr'>aggrederetur</span> <span class='ocrx_word' id='word_1_7' title='bbox 606 233 619 263; x_wconf 84' lang='lat' dir='ltr'>s</span> <span class='ocrx_word' id='word_1_8' title='bbox 629 221 711 264; x_wconf 84' lang='lat' dir='ltr'>Biante</span> <span class='ocrx_word' id='word_1_9' title='bbox 721 233 761 264; x_wconf 87' lang='lat' dir='ltr'>seu</span> <span class='ocrx_word' id='word_1_10' title='bbox 770 217 865 262; x_wconf 84' lang='lat' dir='ltr'>Pittaco</span> <span class='ocrx_word' id='word_1_11' title='bbox 877 215 949 264; x_wconf 46' lang='lat' dir='ltr'>dete¹</span> 
     </span>
     <span class='ocr_line' id='line_1_3' title="bbox 146 291 940 348; baseline -0.009 -8"><span class='ocrx_word' id='word_1_12' title='bbox 146 299 204 340; x_wconf 87' lang='lat' dir='ltr'>ritus</span> <span class='ocrx_word' id='word_1_13' title='bbox 217 295 297 338; x_wconf 76' lang='lat' dir='ltr'>Asiam</span> <span class='ocrx_word' id='word_1_14' title='bbox 315 309 402 338; x_wconf 85' lang='lat' dir='ltr'>omnem</span> <span class='ocrx_word' id='word_1_15' title='bbox 418 294 448 337; x_wconf 88' lang='lat' dir='ltr'>ad</span> <span class='ocrx_word' id='word_1_16' title='bbox 463 291 540 346; x_wconf 87' lang='lat' dir='ltr'>Halyn</span> <span class='ocrx_word' id='word_1_17' title='bbox 554 307 624 348; x_wconf 85' lang='lat' dir='ltr'>usque</span> <span class='ocrx_word' id='word_1_18' title='bbox 639 293 683 336; x_wconf 90' lang='lat' dir='ltr'>sibi</span> <span class='ocrx_word' id='word_1_19' title='bbox 697 293 793 336; x_wconf 87' lang='lat' dir='ltr'>subiecit</span> <span class='ocrx_word' id='word_1_20' title='bbox 809 305 828 334; x_wconf 85' lang='lat' dir='ltr'>c.</span> <span class='ocrx_word' id='word_1_21' title='bbox 839 295 867 334; x_wconf 81' lang='lat'>25</span> <span class='ocrx_word' id='word_1_22' title='bbox 877 299 940 338; x_wconf 84' lang='lat'>—2</span> 
     </span>
     <span class='ocr_line' id='line_1_4' title="bbox 146 363 941 412; baseline -0.003 -2"><span class='ocrx_word' id='word_1_23' title='bbox 146 369 183 411; x_wconf 33' lang='lat' dir='ltr'>*bd</span> <span class='ocrx_word' id='word_1_24' title='bbox 195 368 255 412; x_wconf 86' lang='lat' dir='ltr'>hune</span> <span class='ocrx_word' id='word_1_25' title='bbox 269 369 354 412; x_wconf 86' lang='lat' dir='ltr'>divitiis</span> <span class='ocrx_word' id='word_1_26' title='bbox 369 369 393 409; x_wconf 91' lang='lat' dir='ltr'>et</span> <span class='ocrx_word' id='word_1_27' title='bbox 407 365 555 409; x_wconf 75' lang='lat' dir='ltr'><strong>liberalitatis</strong></span> <span class='ocrx_word' id='word_1_28' title='bbox 568 363 637 408; x_wconf 85' lang='lat' dir='ltr'>leude</span> <span class='ocrx_word' id='word_1_29' title='bbox 653 364 840 408; x_wconf 83' lang='lat' dir='ltr'>florentissimum</span> <span class='ocrx_word' id='word_1_30' title='bbox 851 367 905 407; x_wconf 78' lang='lat' dir='ltr'>tum</span> <span class='ocrx_word' id='word_1_31' title='bbox 917 365 941 408; x_wconf 82' lang='lat' dir='ltr'>al</span> 
     </span>
    </p>
   </div>
   <div class='ocr_carea' id='block_1_3' title="bbox 110 435 949 782">
    <p class='ocr_par' dir='ltr' id='par_1_3' title="bbox 110 435 949 782">
     <span class='ocr_line' id='line_1_5' title="bbox 147 435 949 495; baseline -0.001 -13"><span class='ocrx_word' id='word_1_32' title='bbox 147 441 287 484; x_wconf 81' lang='lat' dir='ltr'>Graecorum</span> <span class='ocrx_word' id='word_1_33' title='bbox 300 440 416 495; x_wconf 86' lang='lat' dir='ltr'>sapientes</span> <span class='ocrx_word' id='word_1_34' title='bbox 426 437 512 481; x_wconf 82' lang='lat' dir='ltr'>Sardes</span> <span class='ocrx_word' id='word_1_35' title='bbox 520 441 642 488; x_wconf 82' lang='lat' dir='ltr'>venerunt,</span> <span class='ocrx_word' id='word_1_36' title='bbox 657 440 704 479; x_wconf 90' lang='lat' dir='ltr'>tum</span> <span class='ocrx_word' id='word_1_37' title='bbox 713 435 785 480; x_wconf 89' lang='lat' dir='ltr'>Solon</span> <span class='ocrx_word' id='word_1_38' title='bbox 793 435 949 482; x_wconf 78' lang='lat' dir='ltr'>Atheniensi·</span> 
     </span>
     <span class='ocr_line' id='line_1_6' title="bbox 146 509 947 567; baseline 0 -13"><span class='ocrx_word' id='word_1_39' title='bbox 146 514 184 567; x_wconf 88' lang='lat' dir='ltr'>qui</span> <span class='ocrx_word' id='word_1_40' title='bbox 198 511 262 555; x_wconf 85' lang='lat' dir='ltr'>illum</span> <span class='ocrx_word' id='word_1_41' title='bbox 276 525 344 566; x_wconf 87' lang='lat' dir='ltr'>quum</span> <span class='ocrx_word' id='word_1_42' title='bbox 353 511 405 566; x_wconf 87' lang='lat' dir='ltr'>ipsc</span> <span class='ocrx_word' id='word_1_43' title='bbox 415 509 459 553; x_wconf 87' lang='lat' dir='ltr'>sibi</span> <span class='ocrx_word' id='word_1_44' title='bbox 468 510 614 553; x_wconf 85' lang='lat' dir='ltr'>beatissimus</span> <span class='ocrx_word' id='word_1_45' title='bbox 623 509 750 558; x_wconf 88' lang='lat' dir='ltr'>videretur,</span> <span class='ocrx_word' id='word_1_46' title='bbox 767 514 947 554; x_wconf 74' lang='lat' dir='ltr'>commemorat·</span> 
     </span>
     <span class='ocr_line' id='line_1_7' title="bbox 110 579 944 638; baseline -0.002 -11"><span class='ocrx_word' id='word_1_47' title='bbox 110 602 115 611; x_wconf 90' lang='lat'>·</span> <span class='ocrx_word' id='word_1_48' title='bbox 146 582 220 633; x_wconf 83' lang='lat' dir='ltr'>Telli,</span> <span class='ocrx_word' id='word_1_49' title='bbox 232 583 324 626; x_wconf 89' lang='lat' dir='ltr'>Cleobis</span> <span class='ocrx_word' id='word_1_50' title='bbox 334 583 466 638; x_wconf 83' lang='lat' dir='ltr'>Bitonisqua</span> <span class='ocrx_word' id='word_1_51' title='bbox 480 579 595 636; x_wconf 87' lang='lat' dir='ltr'>exemplis</span> <span class='ocrx_word' id='word_1_52' title='bbox 605 581 717 623; x_wconf 85' lang='lat' dir='ltr'>neminem</span> <span class='ocrx_word' id='word_1_53' title='bbox 727 583 780 623; x_wconf 83' lang='lat' dir='ltr'>ante</span> <span class='ocrx_word' id='word_1_54' title='bbox 791 583 889 623; x_wconf 86' lang='lat' dir='ltr'>mortem</span> <span class='ocrx_word' id='word_1_55' title='bbox 900 583 944 625; x_wconf 90' lang='lat' dir='ltr'>be</span> 
     </span>
     <span class='ocr_line' id='line_1_8' title="bbox 146 649 944 712; baseline -0.01 -14"><span class='ocrx_word' id='word_1_56' title='bbox 146 663 193 698; x_wconf 85' lang='lat' dir='ltr'>tum</span> <span class='ocrx_word' id='word_1_57' title='bbox 202 657 332 712; x_wconf 82' lang='lat' dir='ltr'>praedicari</span> <span class='ocrx_word' id='word_1_58' title='bbox 343 667 411 710; x_wconf 88' lang='lat' dir='ltr'>posse</span> <span class='ocrx_word' id='word_1_59' title='bbox 423 654 501 696; x_wconf 80' lang='lat' dir='ltr'>‹iocsrit</span> <span class='ocrx_word' id='word_1_60' title='bbox 510 666 530 696; x_wconf 80' lang='lat' dir='ltr'>c·</span> <span class='ocrx_word' id='word_1_61' title='bbox 541 656 568 696; x_wconf 80' lang='grc'>29</span> <span class='ocrx_word' id='word_1_62' title='bbox 576 676 605 685; x_wconf 94' lang='grc'><strong>-</strong></span> <span class='ocrx_word' id='word_1_63' title='bbox 613 655 649 694; x_wconf 77' lang='grc'>33-</span> <span class='ocrx_word' id='word_1_64' title='bbox 678 651 758 696; x_wconf 84' lang='lat' dir='ltr'>Prima</span> <span class='ocrx_word' id='word_1_65' title='bbox 767 665 820 694; x_wconf 86' lang='lat' dir='ltr'>vero</span> <span class='ocrx_word' id='word_1_66' title='bbox 831 649 944 697; x_wconf 74' lang='lat' dir='ltr'>calamit</span> 
     </span>
     <span class='ocr_line' id='line_1_9' title="bbox 147 721 948 782; baseline 0.002 -13"><span class='ocrx_word' id='word_1_67' title='bbox 147 728 231 771; x_wconf 85' lang='lat' dir='ltr'>Croeso</span> <span class='ocrx_word' id='word_1_68' title='bbox 246 728 291 770; x_wconf 81' lang='lat' dir='ltr'>fuit</span> <span class='ocrx_word' id='word_1_69' title='bbox 300 727 369 782; x_wconf 81' lang='lat' dir='ltr'>Atyis</span> <span class='ocrx_word' id='word_1_70' title='bbox 378 725 426 769; x_wconf 81' lang='lat' dir='ltr'>filii</span> <span class='ocrx_word' id='word_1_71' title='bbox 435 739 506 775; x_wconf 88' lang='lat' dir='ltr'>mors,</span> <span class='ocrx_word' id='word_1_72' title='bbox 522 725 560 780; x_wconf 85' lang='lat' dir='ltr'>qui</span> <span class='ocrx_word' id='word_1_73' title='bbox 570 727 598 768; x_wconf 83' lang='lat' dir='ltr'>ab</span> <span class='ocrx_word' id='word_1_74' title='bbox 608 723 720 774; x_wconf 80' lang='lat' dir='ltr'>Adrasto,</span> <span class='ocrx_word' id='word_1_75' title='bbox 732 722 833 777; x_wconf 76' lang='lat' dir='ltr'>Phrygio</span> <span class='ocrx_word' id='word_1_76' title='bbox 849 721 948 782; x_wconf 70' lang='lat' dir='ltr'>bospite</span> 
     </span>
    </p>
   </div>
   <div class='ocr_carea' id='block_1_4' title="bbox 146 795 948 1070">
    <p class='ocr_par' dir='ltr' id='par_1_4' title="bbox 146 795 948 1070">
     <span class='ocr_line' id='line_1_10' title="bbox 146 795 948 855; baseline 0 -13"><span class='ocrx_word' id='word_1_77' title='bbox 146 813 212 855; x_wconf 84' lang='lat' dir='ltr'>quem</span> <span class='ocrx_word' id='word_1_78' title='bbox 226 803 293 854; x_wconf 85' lang='lat' dir='ltr'>pater</span> <span class='ocrx_word' id='word_1_79' title='bbox 307 800 328 842; x_wconf 88' lang='lat' dir='ltr'>ei</span> <span class='ocrx_word' id='word_1_80' title='bbox 339 797 456 841; x_wconf 81' lang='lat' dir='ltr'><strong>custodem</strong></span> <span class='ocrx_word' id='word_1_81' title='bbox 466 797 573 848; x_wconf 83' lang='lat' dir='ltr'>dederat,</span> <span class='ocrx_word' id='word_1_82' title='bbox 589 799 614 840; x_wconf 91' lang='lat' dir='ltr'>in</span> <span class='ocrx_word' id='word_1_83' title='bbox 622 797 727 842; x_wconf 83' lang='lat' dir='ltr'>venundo</span> <span class='ocrx_word' id='word_1_84' title='bbox 736 795 874 840; x_wconf 79' lang='lat' dir='ltr'>interfectus</span> <span class='ocrx_word' id='word_1_85' title='bbox 885 803 929 841; x_wconf 86' lang='lat' dir='ltr'>est</span> <span class='ocrx_word' id='word_1_86' title='bbox 941 815 948 842; x_wconf 80' lang='grc' dir='ltr'><strong><em>ι</em></strong></span> 
     </span>
     <span class='ocr_line' id='line_1_11' title="bbox 146 868 948 924; baseline 0.001 -10"><span class='ocrx_word' id='word_1_87' title='bbox 146 876 255 915; x_wconf 79' lang='lat'>34-45.</span> <span class='ocrx_word' id='word_1_88' title='bbox 285 871 381 914; x_wconf 87' lang='lat' dir='ltr'>Duobus</span> <span class='ocrx_word' id='word_1_89' title='bbox 395 870 460 912; x_wconf 86' lang='lat' dir='ltr'>aunis</span> <span class='ocrx_word' id='word_1_90' title='bbox 478 873 532 924; x_wconf 86' lang='lat' dir='ltr'>pust</span> <span class='ocrx_word' id='word_1_91' title='bbox 545 869 620 912; x_wconf 84' lang='lat' dir='ltr'>Medis</span> <span class='ocrx_word' id='word_1_92' title='bbox 634 883 648 912; x_wconf 86' lang='lat' dir='ltr'>a</span> <span class='ocrx_word' id='word_1_93' title='bbox 663 869 722 922; x_wconf 85' lang='lat' dir='ltr'>Cyro</span> <span class='ocrx_word' id='word_1_94' title='bbox 739 869 834 914; x_wconf 83' lang='lat' dir='ltr'>devictis</span> <span class='ocrx_word' id='word_1_95' title='bbox 851 868 948 914; x_wconf 87' lang='lat' dir='ltr'>Croesu</span> 
     </span>
     <span class='ocr_line' id='line_1_12' title="bbox 148 939 947 997; baseline 0.003 -13"><span class='ocrx_word' id='word_1_96' title='bbox 148 945 175 987; x_wconf 88' lang='lat' dir='ltr'>de</span> <span class='ocrx_word' id='word_1_97' title='bbox 185 943 306 986; x_wconf 74' lang='lat' dir='ltr'>Persarum</span> <span class='ocrx_word' id='word_1_98' title='bbox 321 943 426 997; x_wconf 86' lang='lat' dir='ltr'>potentia</span> <span class='ocrx_word' id='word_1_99' title='bbox 441 939 554 986; x_wconf 85' lang='lat' dir='ltr'>sollicitus</span> <span class='ocrx_word' id='word_1_100' title='bbox 572 939 675 986; x_wconf 86' lang='lat' dir='ltr'>debello</span> <span class='ocrx_word' id='word_1_101' title='bbox 689 941 719 984; x_wconf 89' lang='lat' dir='ltr'>iis</span> <span class='ocrx_word' id='word_1_102' title='bbox 729 941 847 985; x_wconf 77' lang='lat' dir='ltr'>inferendo</span> <span class='ocrx_word' id='word_1_103' title='bbox 859 945 947 988; x_wconf 81' lang='lat' dir='ltr'>oracul</span> 
     </span>
     <span class='ocr_line' id='line_1_13' title="bbox 147 1013 948 1070; baseline 0.004 -12"><span class='ocrx_word' id='word_1_104' title='bbox 147 1013 280 1070; x_wconf 72' lang='lat' dir='ltr'>exploravit</span> <span class='ocrx_word' id='word_1_105' title='bbox 290 1028 308 1057; x_wconf 89' lang='lat' dir='ltr'>c.</span> <span class='ocrx_word' id='word_1_106' title='bbox 319 1017 347 1058; x_wconf 75' lang='lat' dir='ltr'>ld</span> <span class='ocrx_word' id='word_1_107' title='bbox 356 1038 385 1046; x_wconf 97' lang='lat'><em>-</em></span> <span class='ocrx_word' id='word_1_108' title='bbox 394 1018 429 1057; x_wconf 80' lang='lat'>52.</span> <span class='ocrx_word' id='word_1_109' title='bbox 445 1025 502 1070; x_wconf 84' lang='lat' dir='ltr'>quse</span> <span class='ocrx_word' id='word_1_110' title='bbox 517 1027 566 1057; x_wconf 84' lang='lat' dir='ltr'>cunr</span> <span class='ocrx_word' id='word_1_111' title='bbox 580 1014 702 1057; x_wconf 86' lang='lat' dir='ltr'>secundum</span> <span class='ocrx_word' id='word_1_112' title='bbox 712 1016 846 1058; x_wconf 76' lang='lat' dir='ltr'>cierentum</span> <span class='ocrx_word' id='word_1_113' title='bbox 855 1020 948 1069; x_wconf 84' lang='lat' dir='ltr'>purten</span> 
     </span>
    </p>
   </div>
   <div class='ocr_carea' id='block_1_5' title="bbox 54 1086 948 1216">
    <p class='ocr_par' dir='ltr' id='par_1_5' title="bbox 54 1086 948 1216">
     <span class='ocr_line' id='line_1_14' title="bbox 82 1086 948 1142; baseline 0.006 -14"><span class='ocrx_word' id='word_1_114' title='bbox 82 1101 94 1122; x_wconf 71' lang='grc' dir='ltr'><strong><em>ι</em></strong></span> <span class='ocrx_word' id='word_1_115' title='bbox 149 1088 201 1131; x_wconf 84' lang='lat' dir='ltr'>dere</span> <span class='ocrx_word' id='word_1_116' title='bbox 215 1087 347 1130; x_wconf 81' lang='lat' dir='ltr'>uiderentur</span> <span class='ocrx_word' id='word_1_117' title='bbox 365 1101 384 1129; x_wconf 84' lang='lat' dir='ltr'>c·</span> <span class='ocrx_word' id='word_1_118' title='bbox 399 1087 508 1130; x_wconf 78' lang='lat'><strong>⁵³-55.</strong></span> <span class='ocrx_word' id='word_1_119' title='bbox 528 1087 699 1142; x_wconf 80' lang='lat' dir='ltr'>expeditionem</span> <span class='ocrx_word' id='word_1_120' title='bbox 718 1088 832 1142; x_wconf 76' lang='lat' dir='ltr'>suscipere</span> <span class='ocrx_word' id='word_1_121' title='bbox 850 1086 948 1134; x_wconf 79' lang='lat' dir='ltr'>Graeco</span> 
     </span>
     <span class='ocr_line' id='line_1_15' title="bbox 54 1159 947 1216; baseline 0.002 -14"><span class='ocrx_word' id='word_1_122' title='bbox 54 1182 59 1191; x_wconf 86' lang='lat'><strong>·</strong></span> <span class='ocrx_word' id='word_1_123' title='bbox 147 1173 239 1216; x_wconf 90' lang='lat' dir='ltr'>rumque</span> <span class='ocrx_word' id='word_1_124' title='bbox 250 1160 373 1202; x_wconf 82' lang='lat' dir='ltr'>amicitiam</span> <span class='ocrx_word' id='word_1_125' title='bbox 383 1159 425 1202; x_wconf 86' lang='lat' dir='ltr'>sibi</span> <span class='ocrx_word' id='word_1_126' title='bbox 433 1159 555 1212; x_wconf 75' lang='lat' dir='ltr'>adiungere</span> <span class='ocrx_word' id='word_1_127' title='bbox 567 1160 947 1216; x_wconf 77' lang='lat' dir='ltr'>constituit,quorumpotentissin:</span> 
     </span>
    </p>
   </div>
   <div class='ocr_carea' id='block_1_6' title="bbox 147 1229 948 1431">
    <p class='ocr_par' dir='ltr' id='par_1_6' title="bbox 147 1229 948 1431">
     <span class='ocr_line' id='line_1_16' title="bbox 147 1229 948 1283; baseline 0.002 -9"><span class='ocrx_word' id='word_1_128' title='bbox 147 1239 201 1276; x_wconf 90' lang='lat' dir='ltr'>tunc</span> <span class='ocrx_word' id='word_1_129' title='bbox 210 1236 276 1278; x_wconf 86' lang='lat' dir='ltr'>erant</span> <span class='ocrx_word' id='word_1_130' title='bbox 285 1231 462 1276; x_wconf 87' lang='lat' dir='ltr'>Lacedaemonii</span> <span class='ocrx_word' id='word_1_131' title='bbox 472 1233 500 1274; x_wconf 85' lang='lat' dir='ltr'>nb</span> <span class='ocrx_word' id='word_1_132' title='bbox 511 1229 646 1276; x_wconf 82' lang='lat' dir='ltr'>Hellenibus</span> <span class='ocrx_word' id='word_1_133' title='bbox 656 1233 755 1282; x_wconf 89' lang='lat' dir='ltr'>oriundi,</span> <span class='ocrx_word' id='word_1_134' title='bbox 771 1231 848 1276; x_wconf 84' lang='lat' dir='ltr'>Dorici</span> <span class='ocrx_word' id='word_1_135' title='bbox 857 1238 948 1283; x_wconf 77' lang='lat' dir='ltr'>generi</span> 
     </span>
     <span class='ocr_line' id='line_1_17' title="bbox 147 1302 946 1362; baseline 0.001 -13"><span class='ocrx_word' id='word_1_136' title='bbox 147 1308 275 1362; x_wconf 86' lang='lat' dir='ltr'>principes,</span> <span class='ocrx_word' id='word_1_137' title='bbox 286 1313 311 1348; x_wconf 90' lang='lat' dir='ltr'>et</span> <span class='ocrx_word' id='word_1_138' title='bbox 319 1304 473 1348; x_wconf 78' lang='lat' dir='ltr'>Athenienses</span> <span class='ocrx_word' id='word_1_139' title='bbox 482 1317 496 1346; x_wconf 86' lang='lat' dir='ltr'>a</span> <span class='ocrx_word' id='word_1_140' title='bbox 505 1302 618 1355; x_wconf 66' lang='lat' dir='ltr'>Pelasgis,</span> <span class='ocrx_word' id='word_1_141' title='bbox 627 1305 699 1348; x_wconf 87' lang='lat' dir='ltr'>Ionici</span> <span class='ocrx_word' id='word_1_142' title='bbox 710 1319 729 1348; x_wconf 85' lang='lat' dir='ltr'>e.</span> <span class='ocrx_word' id='word_1_143' title='bbox 740 1307 767 1348; x_wconf 84' lang='grc'>56</span> <span class='ocrx_word' id='word_1_144' title='bbox 775 1327 804 1340; x_wconf 76' lang='lat'>--</span> <span class='ocrx_word' id='word_1_145' title='bbox 813 1306 846 1346; x_wconf 83' lang='lat'>58·</span> <span class='ocrx_word' id='word_1_146' title='bbox 877 1303 946 1352; x_wconf 68' lang='lat' dir='ltr'>Atius</span> 
     </span>
     <span class='ocr_line' id='line_1_18' title="bbox 147 1375 947 1431; baseline 0.004 -11"><span class='ocrx_word' id='word_1_147' title='bbox 147 1390 189 1420; x_wconf 85' lang='lat' dir='ltr'>uas</span> <span class='ocrx_word' id='word_1_148' title='bbox 201 1376 243 1420; x_wconf 89' lang='lat' dir='ltr'>illo</span> <span class='ocrx_word' id='word_1_149' title='bbox 259 1381 360 1431; x_wconf 86' lang='lat' dir='ltr'>tempore</span> <span class='ocrx_word' id='word_1_150' title='bbox 370 1375 507 1418; x_wconf 69' lang='lat' dir='ltr'>Pisistratus</span> <span class='ocrx_word' id='word_1_151' title='bbox 520 1385 629 1428; x_wconf 83' lang='lat' dir='ltr'>tyrsuuus</span> <span class='ocrx_word' id='word_1_152' title='bbox 637 1377 710 1420; x_wconf 89' lang='lat' dir='ltr'>tenuit</span> <span class='ocrx_word' id='word_1_153' title='bbox 720 1389 739 1418; x_wconf 86' lang='lat' dir='ltr'>c.</span> <span class='ocrx_word' id='word_1_154' title='bbox 749 1378 776 1417; x_wconf 79' lang='grc'>69</span> <span class='ocrx_word' id='word_1_155' title='bbox 785 1397 814 1407; x_wconf 87' lang='grc'><strong>-</strong></span> <span class='ocrx_word' id='word_1_156' title='bbox 823 1377 862 1426; x_wconf 63' lang='grc'>643</span> <span class='ocrx_word' id='word_1_157' title='bbox 879 1376 947 1423; x_wconf 79' lang='lat' dir='ltr'>Lacr</span> 
     </span>
    </p>
   </div>
   <div class='ocr_carea' id='block_1_7' title="bbox 87 1591 948 2744">
    <p class='ocr_par' dir='ltr' id='par_1_7' title="bbox 87 1591 948 2662">
     <span class='ocr_line' id='line_1_19' title="bbox 150 1591 948 1649; baseline -0.001 -12"><span class='ocrx_word' id='word_1_158' title='bbox 150 1609 169 1637; x_wconf 86' lang='lat' dir='ltr'>c·</span> <span class='ocrx_word' id='word_1_159' title='bbox 180 1597 214 1643; x_wconf 82' lang='lat' dir='ltr'>bl,</span> <span class='ocrx_word' id='word_1_160' title='bbox 225 1596 259 1636; x_wconf 83' lang='grc'>66.</span> <span class='ocrx_word' id='word_1_161' title='bbox 270 1592 352 1636; x_wconf 84' lang='lat' dir='ltr'>foedus</span> <span class='ocrx_word' id='word_1_162' title='bbox 363 1605 413 1636; x_wconf 88' lang='lat' dir='ltr'>cum</span> <span class='ocrx_word' id='word_1_163' title='bbox 420 1591 504 1636; x_wconf 80' lang='lat' dir='ltr'>Croeso</span> <span class='ocrx_word' id='word_1_164' title='bbox 514 1593 613 1636; x_wconf 81' lang='lat' dir='ltr'>inierunt</span> <span class='ocrx_word' id='word_1_165' title='bbox 624 1606 643 1636; x_wconf 85' lang='lat' dir='ltr'>e·</span> <span class='ocrx_word' id='word_1_166' title='bbox 655 1593 690 1635; x_wconf 78' lang='lat'>69·</span> <span class='ocrx_word' id='word_1_167' title='bbox 701 1592 766 1649; x_wconf 79' lang='lat' dir='ltr'>eique</span> <span class='ocrx_word' id='word_1_168' title='bbox 776 1595 887 1636; x_wconf 79' lang='lat' dir='ltr'>craterem</span> <span class='ocrx_word' id='word_1_169' title='bbox 895 1599 948 1642; x_wconf 73' lang='lat' dir='ltr'>ami</span> 
     </span>
     <span class='ocr_line' id='line_1_20' title="bbox 151 1663 947 1720; baseline 0.001 -12"><span class='ocrx_word' id='word_1_170' title='bbox 151 1667 218 1710; x_wconf 88' lang='lat' dir='ltr'>citiuc</span> <span class='ocrx_word' id='word_1_171' title='bbox 229 1666 317 1717; x_wconf 83' lang='lat' dir='ltr'>signum</span> <span class='ocrx_word' id='word_1_172' title='bbox 326 1665 437 1708; x_wconf 85' lang='lat' dir='ltr'>miserunt</span> <span class='ocrx_word' id='word_1_173' title='bbox 446 1679 465 1708; x_wconf 88' lang='lat' dir='ltr'>c.</span> <span class='ocrx_word' id='word_1_174' title='bbox 476 1669 511 1709; x_wconf 80' lang='lat' dir='ltr'>id.</span> <span class='ocrx_word' id='word_1_175' title='bbox 542 1665 640 1709; x_wconf 83' lang='lat' dir='ltr'>Croesus</span> <span class='ocrx_word' id='word_1_176' title='bbox 651 1668 737 1715; x_wconf 85' lang='lat' dir='ltr'>autem,</span> <span class='ocrx_word' id='word_1_177' title='bbox 748 1670 825 1720; x_wconf 88' lang='lat' dir='ltr'>spreto</span> <span class='ocrx_word' id='word_1_178' title='bbox 835 1663 947 1715; x_wconf 78' lang='lat' dir='ltr'>Saudnni</span> 
     </span>
     <span class='ocr_line' id='line_1_21' title="bbox 151 1735 947 1794; baseline 0.006 -14"><span class='ocrx_word' id='word_1_179' title='bbox 151 1738 220 1792; x_wconf 86' lang='lat' dir='ltr'>Lydii</span> <span class='ocrx_word' id='word_1_180' title='bbox 232 1735 317 1781; x_wconf 87' lang='lat' dir='ltr'>beilum</span> <span class='ocrx_word' id='word_1_181' title='bbox 331 1750 380 1780; x_wconf 88' lang='lat' dir='ltr'>cum</span> <span class='ocrx_word' id='word_1_182' title='bbox 397 1737 476 1780; x_wconf 85' lang='lat' dir='ltr'>Persis</span> <span class='ocrx_word' id='word_1_183' title='bbox 491 1738 644 1794; x_wconf 85' lang='lat' dir='ltr'>dissuadentis</span> <span class='ocrx_word' id='word_1_184' title='bbox 659 1737 765 1788; x_wconf 82' lang='lat' dir='ltr'>consilio,</span> <span class='ocrx_word' id='word_1_185' title='bbox 782 1737 947 1794; x_wconf 76' lang='lat' dir='ltr'>Cappadoeiur</span> 
     </span>
     <span class='ocr_line' id='line_1_22' title="bbox 150 1810 947 1867; baseline 0.003 -13"><span class='ocrx_word' id='word_1_186' title='bbox 150 1811 283 1854; x_wconf 69' lang='lat' dir='ltr'>subacturus</span> <span class='ocrx_word' id='word_1_187' title='bbox 292 1812 316 1854; x_wconf 90' lang='lat' dir='ltr'>et</span> <span class='ocrx_word' id='word_1_188' title='bbox 326 1822 412 1866; x_wconf 86' lang='lat' dir='ltr'>poenus</span> <span class='ocrx_word' id='word_1_189' title='bbox 422 1816 534 1854; x_wconf 87' lang='lat' dir='ltr'>sumturus</span> <span class='ocrx_word' id='word_1_190' title='bbox 545 1812 572 1855; x_wconf 91' lang='lat' dir='ltr'>de</span> <span class='ocrx_word' id='word_1_191' title='bbox 579 1810 638 1866; x_wconf 86' lang='lat' dir='ltr'>Cyro</span> <span class='ocrx_word' id='word_1_192' title='bbox 648 1810 855 1867; x_wconf 72' lang='lat' dir='ltr'>propterdstyagis</span> <span class='ocrx_word' id='word_1_193' title='bbox 864 1825 947 1860; x_wconf 77' lang='lat' dir='ltr'>necen</span> 
     </span>
     <span class='ocr_line' id='line_1_23' title="bbox 151 1881 946 1938; baseline 0.008 -12"><span class='ocrx_word' id='word_1_194' title='bbox 151 1896 246 1938; x_wconf 82' lang='lat' dir='ltr'>quocum</span> <span class='ocrx_word' id='word_1_195' title='bbox 259 1882 374 1926; x_wconf 84' lang='lat' dir='ltr'>affinitate</span> <span class='ocrx_word' id='word_1_196' title='bbox 387 1883 478 1926; x_wconf 84' lang='lat' dir='ltr'>iunctus</span> <span class='ocrx_word' id='word_1_197' title='bbox 492 1887 553 1936; x_wconf 81' lang='lat' dir='ltr'>erut,</span> <span class='ocrx_word' id='word_1_198' title='bbox 568 1881 646 1936; x_wconf 82' lang='lat' dir='ltr'>Halyn</span> <span class='ocrx_word' id='word_1_199' title='bbox 656 1887 811 1936; x_wconf 74' lang='lat' dir='ltr'>transgressus</span> <span class='ocrx_word' id='word_1_200' title='bbox 820 1883 946 1934; x_wconf 80' lang='lat' dir='ltr'>Pteriorur</span> 
     </span>
     <span class='ocr_line' id='line_1_24' title="bbox 150 1955 946 2013; baseline 0.003 -15"><span class='ocrx_word' id='word_1_201' title='bbox 150 1956 227 1999; x_wconf 89' lang='lat' dir='ltr'>urbem</span> <span class='ocrx_word' id='word_1_202' title='bbox 243 1956 386 2012; x_wconf 73' lang='lat' dir='ltr'>expugnavit</span> <span class='ocrx_word' id='word_1_203' title='bbox 399 1958 467 2012; x_wconf 84' lang='lat' dir='ltr'>atque</span> <span class='ocrx_word' id='word_1_204' title='bbox 477 1958 501 2000; x_wconf 90' lang='lat' dir='ltr'>in</span> <span class='ocrx_word' id='word_1_205' title='bbox 510 1970 564 2010; x_wconf 72' lang='lat' dir='ltr'>agro</span> <span class='ocrx_word' id='word_1_206' title='bbox 574 1956 653 2000; x_wconf 86' lang='lat' dir='ltr'>Pteria</span> <span class='ocrx_word' id='word_1_207' title='bbox 663 1968 735 2012; x_wconf 84' lang='lat' dir='ltr'>aequo</span> <span class='ocrx_word' id='word_1_208' title='bbox 745 1955 820 1999; x_wconf 80' lang='lat' dir='ltr'>Morte</span> <span class='ocrx_word' id='word_1_209' title='bbox 830 1969 881 2000; x_wconf 88' lang='lat' dir='ltr'>cum</span> <span class='ocrx_word' id='word_1_210' title='bbox 892 1959 911 2000; x_wconf 86' lang='lat' dir='ltr'>C</span> <span class='ocrx_word' id='word_1_211' title='bbox 914 1975 946 2013; x_wconf 56' lang='grc' dir='ltr'>με</span> 
     </span>
     <span class='ocr_line' id='line_1_25' title="bbox 151 2027 946 2080; baseline 0.008 -9"><span class='ocrx_word' id='word_1_212' title='bbox 151 2028 258 2071; x_wconf 78' lang='lat' dir='ltr'>conflixit</span> <span class='ocrx_word' id='word_1_213' title='bbox 274 2041 293 2070; x_wconf 85' lang='lat' dir='ltr'>c.</span> <span class='ocrx_word' id='word_1_214' title='bbox 304 2031 330 2071; x_wconf 87' lang='lat' dir='ltr'>&#39;ii</span> <span class='ocrx_word' id='word_1_215' title='bbox 340 2051 369 2062; x_wconf 87' lang='lat'>-—</span> <span class='ocrx_word' id='word_1_216' title='bbox 378 2031 412 2072; x_wconf 77' lang='lat' dir='ltr'>sd.</span> <span class='ocrx_word' id='word_1_217' title='bbox 427 2040 455 2071; x_wconf 90' lang='lat' dir='ltr'>ae</span> <span class='ocrx_word' id='word_1_218' title='bbox 470 2029 547 2072; x_wconf 82' lang='lat' dir='ltr'>statim</span> <span class='ocrx_word' id='word_1_219' title='bbox 557 2027 642 2071; x_wconf 84' lang='lat' dir='ltr'>Sardes</span> <span class='ocrx_word' id='word_1_220' title='bbox 651 2041 768 2080; x_wconf 81' lang='lat' dir='ltr'>regressus</span> <span class='ocrx_word' id='word_1_221' title='bbox 778 2027 889 2072; x_wconf 84' lang='lat' dir='ltr'>militibus</span> <span class='ocrx_word' id='word_1_222' title='bbox 901 2039 946 2078; x_wconf 59' lang='lat' dir='ltr'>cor?</span> 
     </span>
     <span class='ocr_line' id='line_1_26' title="bbox 152 2099 945 2162; baseline 0.008 -22"><span class='ocrx_word' id='word_1_223' title='bbox 152 2100 256 2143; x_wconf 87' lang='lat' dir='ltr'>duciiciis</span> <span class='ocrx_word' id='word_1_224' title='bbox 272 2100 372 2142; x_wconf 85' lang='lat' dir='ltr'>dimissis</span> <span class='ocrx_word' id='word_1_225' title='bbox 387 2099 562 2157; x_wconf 73' lang='lat' dir='ltr'>Aegyptiorum,</span> <span class='ocrx_word' id='word_1_226' title='bbox 577 2099 751 2153; x_wconf 75' lang='lat' dir='ltr'>Babyloniorum</span> <span class='ocrx_word' id='word_1_227' title='bbox 765 2100 945 2162; x_wconf 56' lang='lat' dir='ltr'>etlruceduemp</span> 
     </span>
     <span class='ocr_line' id='line_1_27' title="bbox 150 2171 945 2232; baseline 0.005 -18"><span class='ocrx_word' id='word_1_228' title='bbox 150 2173 238 2216; x_wconf 83' lang='lat' dir='ltr'>nicrum</span> <span class='ocrx_word' id='word_1_229' title='bbox 253 2171 341 2215; x_wconf 80' lang='lat' dir='ltr'>auxilia</span> <span class='ocrx_word' id='word_1_230' title='bbox 355 2173 483 2222; x_wconf 84' lang='lat' dir='ltr'>arcessivit,</span> <span class='ocrx_word' id='word_1_231' title='bbox 497 2178 604 2228; x_wconf 87' lang='lat' dir='ltr'>portento</span> <span class='ocrx_word' id='word_1_232' title='bbox 619 2175 688 2217; x_wconf 85' lang='lat' dir='ltr'>ctiam</span> <span class='ocrx_word' id='word_1_233' title='bbox 703 2173 730 2216; x_wconf 94' lang='lat' dir='ltr'>de</span> <span class='ocrx_word' id='word_1_234' title='bbox 747 2173 848 2216; x_wconf 85' lang='lat' dir='ltr'>instante</span> <span class='ocrx_word' id='word_1_235' title='bbox 859 2173 945 2232; x_wconf 61' lang='lat' dir='ltr'>calami</span> 
     </span>
     <span class='ocr_line' id='line_1_28' title="bbox 151 2243 945 2298; baseline 0.008 -14"><span class='ocrx_word' id='word_1_236' title='bbox 151 2249 198 2288; x_wconf 79' lang='lat' dir='ltr'>tate</span> <span class='ocrx_word' id='word_1_237' title='bbox 213 2245 343 2288; x_wconf 82' lang='lat' dir='ltr'>mimonitus</span> <span class='ocrx_word' id='word_1_238' title='bbox 357 2257 377 2286; x_wconf 89' lang='lat' dir='ltr'>c.</span> <span class='ocrx_word' id='word_1_239' title='bbox 388 2246 421 2294; x_wconf 79' lang='lat' dir='ltr'>ii,</span> <span class='ocrx_word' id='word_1_240' title='bbox 432 2247 467 2288; x_wconf 70' lang='grc'>18.</span> <span class='ocrx_word' id='word_1_241' title='bbox 499 2244 570 2298; x_wconf 81' lang='lat' dir='ltr'>Cyrus</span> <span class='ocrx_word' id='word_1_242' title='bbox 584 2245 643 2288; x_wconf 85' lang='lat' dir='ltr'>enim</span> <span class='ocrx_word' id='word_1_243' title='bbox 658 2243 764 2289; x_wconf 87' lang='lat' dir='ltr'>celeriter</span> <span class='ocrx_word' id='word_1_244' title='bbox 773 2243 884 2290; x_wconf 83' lang='lat' dir='ltr'>Croesum</span> <span class='ocrx_word' id='word_1_245' title='bbox 894 2249 945 2296; x_wconf 67' lang='lat' dir='ltr'>inst</span> 
     </span>
     <span class='ocr_line' id='line_1_29' title="bbox 152 2315 944 2372; baseline 0.003 -14"><span class='ocrx_word' id='word_1_246' title='bbox 152 2320 216 2359; x_wconf 86' lang='lat' dir='ltr'>cutus</span> <span class='ocrx_word' id='word_1_247' title='bbox 229 2317 338 2372; x_wconf 89' lang='lat' dir='ltr'>prudenti</span> <span class='ocrx_word' id='word_1_248' title='bbox 350 2315 446 2360; x_wconf 85' lang='lat' dir='ltr'>consilio</span> <span class='ocrx_word' id='word_1_249' title='bbox 456 2317 533 2370; x_wconf 85' lang='lat' dir='ltr'>Lydos</span> <span class='ocrx_word' id='word_1_250' title='bbox 547 2317 640 2360; x_wconf 80' lang='lat' dir='ltr'>fortiter</span> <span class='ocrx_word' id='word_1_251' title='bbox 649 2319 784 2360; x_wconf 84' lang='lat' dir='ltr'>resistentes</span> <span class='ocrx_word' id='word_1_252' title='bbox 793 2317 848 2362; x_wconf 77' lang='lat' dir='ltr'>uicit</span> <span class='ocrx_word' id='word_1_253' title='bbox 857 2331 878 2360; x_wconf 85' lang='lat' dir='ltr'>c·</span> <span class='ocrx_word' id='word_1_254' title='bbox 890 2325 920 2366; x_wconf 73' lang='lat' dir='ltr'>iu</span> <span class='ocrx_word' id='word_1_255' title='bbox 929 2345 944 2360; x_wconf 69' lang='lat'><em>.</em></span> 
     </span>
     <span class='ocr_line' id='line_1_30' title="bbox 150 2387 944 2471; baseline 0.01 -41"><span class='ocrx_word' id='word_1_256' title='bbox 150 2392 185 2430; x_wconf 87' lang='lat'>81.</span> <span class='ocrx_word' id='word_1_257' title='bbox 200 2389 224 2431; x_wconf 91' lang='lat' dir='ltr'>et</span> <span class='ocrx_word' id='word_1_258' title='bbox 237 2387 323 2432; x_wconf 83' lang='lat' dir='ltr'>Sardes</span> <span class='ocrx_word' id='word_1_259' title='bbox 341 2389 472 2444; x_wconf 86' lang='lat' dir='ltr'>priusquam</span> <span class='ocrx_word' id='word_1_260' title='bbox 490 2388 580 2432; x_wconf 73' lang='lat' dir='ltr'>auxilie</span> <span class='ocrx_word' id='word_1_261' title='bbox 595 2389 838 2438; x_wconf 81' lang='lat' dir='ltr'>Lacedaemoniorum,</span> <span class='ocrx_word' id='word_1_262' title='bbox 857 2394 898 2446; x_wconf 88' lang='lat' dir='ltr'>qui</span> <span class='ocrx_word' id='word_1_263' title='bbox 916 2389 944 2471; x_wconf 57' lang='lat' dir='ltr'>ili</span> 
     </span>
     <span class='ocr_line' id='line_1_31' title="bbox 149 2459 943 2524; baseline 0.01 -24"><span class='ocrx_word' id='word_1_264' title='bbox 149 2466 251 2516; x_wconf 88' lang='lat' dir='ltr'>tempore</span> <span class='ocrx_word' id='word_1_265' title='bbox 261 2459 359 2513; x_wconf 74' lang='lat' dir='ltr'>Argivos</span> <span class='ocrx_word' id='word_1_266' title='bbox 369 2460 499 2503; x_wconf 84' lang='lat' dir='ltr'>devicerant</span> <span class='ocrx_word' id='word_1_267' title='bbox 509 2474 527 2504; x_wconf 87' lang='lat' dir='ltr'>e.</span> <span class='ocrx_word' id='word_1_268' title='bbox 539 2465 574 2504; x_wconf 80' lang='lat'>82.</span> <span class='ocrx_word' id='word_1_269' title='bbox 586 2462 650 2504; x_wconf 78' lang='lat' dir='ltr'>slomn</span> <span class='ocrx_word' id='word_1_270' title='bbox 661 2461 868 2517; x_wconf 68' lang='lat' dir='ltr'>proficiscerentur,</span> <span class='ocrx_word' id='word_1_271' title='bbox 881 2479 943 2524; x_wconf 64' lang='lat' dir='ltr'>expe</span> 
     </span>
     <span class='ocr_line' id='line_1_32' title="bbox 87 2525 943 2590; baseline 0.011 -16"><span class='ocrx_word' id='word_1_272' title='bbox 87 2525 100 2544; x_wconf 63' lang='grc'><strong>“</strong></span> <span class='ocrx_word' id='word_1_273' title='bbox 150 2534 228 2584; x_wconf 78' lang='lat' dir='ltr'>guerit</span> <span class='ocrx_word' id='word_1_274' title='bbox 243 2546 262 2576; x_wconf 85' lang='lat' dir='ltr'>c.</span> <span class='ocrx_word' id='word_1_275' title='bbox 273 2536 307 2581; x_wconf 83' lang='grc'>83,</span> <span class='ocrx_word' id='word_1_276' title='bbox 318 2537 352 2574; x_wconf 75' lang='grc'>84.</span> <span class='ocrx_word' id='word_1_277' title='bbox 383 2530 481 2574; x_wconf 86' lang='lat' dir='ltr'>Croesus</span> <span class='ocrx_word' id='word_1_278' title='bbox 491 2533 542 2588; x_wconf 84' lang='lat' dir='ltr'>ipse</span> <span class='ocrx_word' id='word_1_279' title='bbox 552 2537 644 2590; x_wconf 77' lang='lat' dir='ltr'>ceptus,</span> <span class='ocrx_word' id='word_1_280' title='bbox 659 2534 794 2587; x_wconf 76' lang='lat' dir='ltr'>seulsCyru</span> <span class='ocrx_word' id='word_1_281' title='bbox 804 2539 914 2582; x_wconf 72' lang='lat' dir='ltr'>semotus</span> <span class='ocrx_word' id='word_1_282' title='bbox 942 2525 943 2550; x_wconf 66' lang='lat'>³</span> 
     </span>
     <span class='ocr_line' id='line_1_33' title="bbox 150 2602 925 2662; baseline 0.008 -17"><span class='ocrx_word' id='word_1_283' title='bbox 150 2607 174 2645; x_wconf 85' lang='lat' dir='ltr'>et</span> <span class='ocrx_word' id='word_1_284' title='bbox 188 2602 317 2648; x_wconf 75' lang='lat' dir='ltr'>liberaliter</span> <span class='ocrx_word' id='word_1_285' title='bbox 331 2603 422 2648; x_wconf 85' lang='lat' dir='ltr'>babitus</span> <span class='ocrx_word' id='word_1_286' title='bbox 437 2617 455 2646; x_wconf 86' lang='lat' dir='ltr'>o·</span> <span class='ocrx_word' id='word_1_287' title='bbox 467 2607 493 2648; x_wconf 79' lang='lat'>85</span> <span class='ocrx_word' id='word_1_288' title='bbox 508 2617 558 2660; x_wconf 83' lang='lat' dir='ltr'>sqq.</span> <span class='ocrx_word' id='word_1_289' title='bbox 587 2604 645 2648; x_wconf 84' lang='lat' dir='ltr'>Inde</span> <span class='ocrx_word' id='word_1_290' title='bbox 657 2605 696 2647; x_wconf 91' lang='lat' dir='ltr'>ubi</span> <span class='ocrx_word' id='word_1_291' title='bbox 710 2606 825 2658; x_wconf 87' lang='lat' dir='ltr'>Lydorum</span> <span class='ocrx_word' id='word_1_292' title='bbox 839 2611 925 2662; x_wconf 75' lang='lat' dir='ltr'>region</span> 
     </span>
    </p>

    <p class='ocr_par' dir='ltr' id='par_1_8' title="bbox 150 2627 943 2744">
     <span class='ocr_line' id='line_1_34' title="bbox 150 2627 943 2744; baseline 0.01 -28"><span class='ocrx_word' id='word_1_293' title='bbox 150 2679 174 2717; x_wconf 85' lang='lat' dir='ltr'>ct</span> <span class='ocrx_word' id='word_1_294' title='bbox 187 2688 261 2720; x_wconf 86' lang='lat' dir='ltr'>mores</span> <span class='ocrx_word' id='word_1_295' title='bbox 270 2675 371 2720; x_wconf 86' lang='lat' dir='ltr'>breviter</span> <span class='ocrx_word' id='word_1_296' title='bbox 381 2673 502 2732; x_wconf 85' lang='lat' dir='ltr'>descripsit</span> <span class='ocrx_word' id='word_1_297' title='bbox 512 2689 531 2720; x_wconf 81' lang='lat' dir='ltr'>c·</span> <span class='ocrx_word' id='word_1_298' title='bbox 543 2679 569 2720; x_wconf 82' lang='lat'>93</span> <span class='ocrx_word' id='word_1_299' title='bbox 580 2689 629 2732; x_wconf 87' lang='lat' dir='ltr'>sqq.</span> <span class='ocrx_word' id='word_1_300' title='bbox 642 2676 670 2718; x_wconf 85' lang='lat' dir='ltr'>ad</span> <span class='ocrx_word' id='word_1_301' title='bbox 682 2675 736 2730; x_wconf 87' lang='lat' dir='ltr'>Cyri</span> <span class='ocrx_word' id='word_1_302' title='bbox 745 2690 782 2722; x_wconf 88' lang='lat' dir='ltr'>res</span> <span class='ocrx_word' id='word_1_303' title='bbox 791 2681 878 2726; x_wconf 85' lang='lat' dir='ltr'>transit</span> <span class='ocrx_word' id='word_1_304' title='bbox 891 2699 912 2730; x_wconf 78' lang='lat' dir='ltr'>c.</span> <span class='ocrx_word' id='word_1_305' title='bbox 924 2627 943 2744; x_wconf 53' lang='grc' dir='ltr'>ἔ</span> 
     </span>
    </p>
   </div>
   <div class='ocr_carea' id='block_1_8' title="bbox 0 0 954 3012">
    <p class='ocr_par' dir='ltr' id='par_1_9' title="bbox 0 0 954 3012">
     <span class='ocr_line' id='line_1_35' title="bbox 0 0 954 3012; baseline 0 0"><span class='ocrx_word' id='word_1_306' title='bbox 0 0 954 3012; x_wconf 95' lang='lat' dir='ltr'> </span> 
     </span>
    </p>
   </div>
  </div>
 </body>
</html>
