1976 3008
137 125 170 178 68
434 125 638 172 HERODOTI

113 288 119 295 ,
138 233 186 293 τοίι
198 233 311 309 γυναικί,
338 229 383 288 τὸν
402 231 429 287 δέ
446 229 541 288 έωοιοίι
561 227 635 287 ἐόντα
653 227 742 306 νεκρόν
755 227 842 304 λαβὼν
857 231 960 300 ἔθηκε

139 325 164 382 ές
181 315 211 374 τὸ
235 312 316 390 όίγγος
343 319 369 370 έν
386 313 422 388 τῷ
441 314 514 389 έφερε
527 309 573 370 τόν
586 313 682 388 ἕτερον’
710 311 847 390 κοσμήσας
862 314 893 369 δέ
908 317 959 389 τῷ

138 396 227 474 κόσμῳ
240 399 319 454 παντί
332 395 379 454 τοῦ
393 399 479 471 ἑτέρου
492 392 598 462 παιδὸς,
626 399 709 470 φέρων
723 401 748 460 ές
761 393 791 454 τό
806 393 954 472 ἐρημότα-

138 501 184 538 τον
196 479 248 538 τῶν
262 477 356 555 οίιρέων
368 483 446 534 τιθεῖ.
474 475 508 541 ὧς
522 478 548 534 δέ
562 480 632 552 τρίτη
645 476 723 553 ἡμέρη
737 478 772 553 τῷ
785 479 884 551 παιδίῳ
900 482 953 534 έκ-

139 567 240 638 κειμένῳ
254 565 359 637 ἐγένετο,
374 556 413 630 ίίίε
426 564 451 624 ές
464 555 539 617 πόλιν
553 557 567 616 5
582 558 712 632 βουκόλος,
731 561 782 618 τῶν
795 582 854 616 τινα
868 582 952 635 προ-

139 642 365 719 βοσκῶνφόλακον
379 639 459 700 αίοοδ
473 639 630 698 καταλιπών·
646 639 732 699 ἐλθὼν
745 645 773 700 δὲ
786 649 811 708 ἐς
824 639 950 740 τοδἉρ-

139 725 240 803 πόγου,
259 721 473 784 δποδεικνόναι”
457 748 505 797 εφη
519 721 657 798 ἑτοῖμος
632 747 698 782 ειναι
710 749 757 783 του
743 721 924 781 Ηπαιδίου
894 748 954 781 τον

139 813 217 868 νέκυν.
245 813 351 907 πέμφρς
369 805 428 864 δὲ
414 831 428 866 ο
442 804 575 882 Ἅρπαγος
597 807 647 864 τῶν
668 807 764 865 έωοτοίι
783 803 950 882 δορυφόρων

138 889 199 956 τοὺς
220 888 403 956 πιστοτάτους,
431 886 482 946 εἶδέ
501 911 528 946 τε
550 886 594 944 διὰ
611 887 768 948 τούτωνκαὶ
785 890 952 964 ε’θαφετοῦ

139 970 311 1047 βουκόλου
284 997 315 1031 το
338 972 448 1028 παιδίον.
481 968 576 1028 καὶτὸ
597 975 643 1046 μέν
665 965 813 1030 ἐτέθαπτο·
841 967 888 1029 τὸν
911 973 951 1030 δὲ

139 1077 249 1132 υοτερον
279 1051 377 1114 τοίιτων
405 1052 495 1129 Κόρου
528 1049 713 1128 ὀνομασθέντα
739 1053 950 1131 παραλαβοῦσα

140 1139 228 1238 ἔτρεφε
240 1135 256 1209 ἡ
270 1134 334 1213 γυνὴ
348 1156 396 1194 του
382 1134 542 1210 βουκόλου,
562 1134 661 1213 οδνομα
676 1133 737 1196 ίίλλο
750 1135 798 1196 κοό
810 1160 835 1194 τι
848 1137 891 1192 καί
906 1135 949 1194 οὗ

138 1221 229 1298 Κόραν
242 1224 367 1327 θεμένη

201 1310 257 1360 115.
281 1305 336 1362 Καὶ
357 1299 400 1378 ότε
421 1291 490 1374 δη
474 1326 506 1374 ην
524 1301 672 1375 &suagros
659 1328 674 1362 ο
692 1309 765 1369 παῖς,
792 1301 899 1398 πρῆγμα
916 1309 950 1368 ές

141 1381 222 1444 αδτόν
234 1383 334 1444 τοιόνδε
346 1382 485 1483 γενόμενον
499 1390 602 1488 ἐξέφηνέ
611 1408 662 1458 μιν.
692 1387 779 1451 ἔπαιζε
797 1391 823 1440 έν
840 1383 871 1458 τῇ
886 1382 947 1440 κώ

139 1491 176 1544 μη
190 1464 281 1540 ταύτῃ,
297 1471 323 1521 έν
336 1465 368 1538 τῇ
381 1455 451 1535 ἦσαν
463 1467 507 1521 καί
521 1491 549 1522 αι
541 1467 693 1538 βουκολίαι
707 1455 792 1532 αδται,
811 1467 898 1532 έπαιζε
912 1470 950 1526 δὲ

140 1572 187 1626 μετ
184 1544 290 1604 όίλλων
303 1545 419 1617 ηλίκων’
407 1569 433 1602 εν
451 1546 510 1622 ὁδῷ.
538 1549 581 1604 καί
600 1571 626 1605 οι
617 1549 733 1612 παῖδες
751 1551 925 1615 παίζοντες“
901 1553 946 1606 εί-

135 1637 217 1690 ’λοντο
230 1629 328 1688 ἑωυτῶν
342 1629 448 1701 βασιλέα
461 1627 527 1686 εἶναι
539 1629 633 1688 τοίιτον
647 1627 679 1701 δίη
691 1628 737 1690 τόν
753 1631 801 1690 τοίι
814 1628 948 1704 βουκόλου

142 1716 271 1782 ἐπίκλησιν
292 1713 384 1770 παῖδα.
411 1708 427 1769 5
449 1713 476 1769 δέ
498 1709 583 1770 αδτῶν
600 1715 699 1781 διέταξε
717 1713 779 1813 τρδς
795 1717 840 1790 μέν
858 1713 947 1812 ρίκίας

143 1795 309 1894 οίγοδομίειν,
331 1791 392 1859 τοὺς
406 1795 432 1850 δὲ
446 1792 647 1871 δορυφόρους
622 1820 698 1866 εινυι,
720 1794 767 1858 τόν
781 1799 810 1855 δι’
820 1793 867 1854 κοό
879 1819 945 1856 τινα

144 1874 229 1934 αίιτῶν
242 1873 385 1952 ὀφθαλμὸν
398 1876 554 1950 βασιλέος
529 1901 601 1946 ειναι,
610 1903 646 1955 τρι
633 1880 688 1938 δέ
699 1903 747 1937 τινι
760 1878 806 1946 τὰς
821 1877 945 1954 ίιγγελίας

143 1963 258 2035 ἐσφέρειν
271 1960 355 2018 ἐδίδου
367 1957 492 2036 γέρας,ὦς
504 1959 603 2037 ἑκάστῳ
618 1964 694 2039 ἔργον
706 1960 887 2070 προστάσσων.
901 1969 945 2029 είς
969 2013 970 2016 ,

144 2039 175 2114 δίη
197 2039 295 2100 τοίτων
316 2042 367 2099 τῶν
388 2044 488 2100 παίδων
511 2019 717 2119 ουμπόιίζων,
704 2044 752 2104 τόν
766 2041 944 2150 Ἀρτεμβάρεα)

144 2131 214 2193 παῖς,
229 2121 322 2201 ἀνδρὸς
336 2127 440 2200 δοκίμου
454 2131 480 2184 έν
494 2126 664 2200 Μήδοισι,
635 2154 667 2188 ου
679 2126 733 2229 γὰρ
746 2131 804 2200 δὴ
791 2132 892 2197 εποίησε
905 2127 942 2187 τὸ

144 2211 343 2284 προσταχθίν’
331 2232 356 2265 εκ
369 2232 417 2267 τοο
432 2206 536 2286 Κόρου,
564 2215 656 2270 ἐκέλευε
672 2209 753 2282 φυτόν
771 2208 830 2276 τοὺς
848 2206 940 2276 ίίλλους

145 2293 242 2356 παῖδας
255 2291 396 2365 διαλαβεῖν·
419 2297 583 2369 πειθομένων
597 2295 671 2351 δέ
637 2316 687 2351 των
700 2291 834 2362 παίδων,
821 2317 835 2351 ο
848 2293 939 2368 Κορος
967 2291 968 2315 ³

144 2370 190 2431 τόν
207 2376 291 2432 παῖδα
312 2379 421 2451 τρηχέως
442 2371 526 2451 κάρτα
547 2380 670 2452 περίεοπε
690 2380 840 2453 μαστιγέων.
871 2373 885 2433 5
907 2377 940 2436 δὲ
966 2427 967 2444 ,

145 2459 201 2513 ἐπεί
212 2479 239 2514 τε
250 2461 359 2556 μετρίθη
372 2455 495 2530 τάχιοτα,
522 2457 556 2524 ὥς
573 2482 603 2534 γε
621 2457 652 2532 δὴ
671 2457 790 2526 ἀνάειρ’
775 2457 867 2518 εωυτοίι
879 2480 937 2514 πα

147 2537 213 2607 θὼν,
226 2537 322 2616 μᾶλλόν
334 2565 359 2598 τι
371 2545 537 2618 περιημέττεε,
559 2565 620 2600 κατε
620 2540 694 2602 λθτίιν
707 2546 772 2600 δέ
747 2548 772 2608 ἐς
785 2539 856 2602 πόλιν
868 2538 935 2615 πρὸς
965 2579 966 2609 η

146 2621 191 2681 τόν
204 2627 304 2700 πατέρα
320 2619 476 2692 διποικτίζετο
490 2623 541 2682 τῶν
553 2623 606 2686 ὑπὸ
619 2625 712 2706 Κόρου
728 2621 832 2698 ἤντησε,
856 2627 935 2696 λέγων
964 2665 965 2670 =

961 2835 964 2867 ί
