1972 2926
206 199 276 244 LlB.
299 199 377 244 VIII.
407 199 484 244 cAP.
506 193 631 254 661-
645 195 684 244 71.
797 197 847 250 169

20 325 22 332 ’
52 326 128 362 κακοι
120 301 262 361 ‘6066'
240 325 301 369 εισι,
322 326 348 360 οι
336 302 392 359 “ἐν
410 295 551 400 συμμάχων
567 301 636 378 λόγῳ
648 302 801 379 λέγονται
776 315 848 372 εῖναι,

51 384 137 450 ἐόντες
150 382 291 460 Αιγύπτιοί
304 405 332 440 τε
349 407 393 440 και
383 382 521 461 ⁸K666666
537 407 580 442 και
572 386 694 452 ⁸Kt'6663
711 409 754 444 και
745 384 847 460 &116⁴

49 472 137 541 φυλοι,
150 467 202 524 τῶν
217 463 334 538 666663’
320 489 375 522 εστι
389 463 469 524 υύδέν.
685 511 696 522 .

116 553 162 606 69.
188 548 277 606 Ταύτα
298 545 422 623 λεγούσης
443 545 509 626 πρὸς
527 545 739 626 M6666vcov,¹⁷
723 571 783 606 οσοι
800 553 846 623 μέν
935 573 939 594 ’-

47 619 122 702 6666
135 627 220 730 εάνοοι
232 653 264 705 τη
251 627 424 706 Ἀρτεμισίη,
434 628 570 728 συμφρρὴν
582 629 714 690 ἐποιεύντο
726 627 787 696 τούς
800 627 843 688 λύ-

46 735 116 790 γους
129 710 164 776 ὦς
176 709 257 769 κακόν
269 733 293 768 τι
305 715 456 786 πεισομένης
468 711 535 790 πρὸς
547 710 715 786 βασιλέος,“’
700 737 741 771 οτι
758 711 804 770 οάκ
817 715 846 786 66

45 797 196 869 ναυμαχίην
209 795 359 860 ποιέεσθαι,
373 818 399 852 οι
390 788 465 851 66’
451 793 603 900 αγαιύμεγυί
614 817 642 853 τε
655 817 699 852 και
689 795 844 867 ’φθονέον-

44 899 93 942 τες
106 874 184 952 6666,
208 872 254 932 666
269 879 296 932 ἐν
309 871 436 975 πρώτοισι
448 881 609 952 τετιμημένης
623 873 666 933 διά
679 875 784 934 πάντων
796 875 847 974 666

45 979 201 1034 συμμαχων,
209 957 386 1032 ἐτέρποντο
354 981 386 1032 τῃ
402 954 520 1060 ἀνακρίσι
533 957 567 1024 ὥς
581 955 792 1034 ἀπολεομένης
761 957 845 1028 ἀυτῆς.

45 1042 108 1102 ἐπεὶ
125 1041 152 1097 66
162 1036 365 1138 ἀνηνείχθησαν
383 1039 412 1095 αἱ
427 1039 527 1114 γνῶμαι
545 1045 570 1105 ές
589 1043 696 1116 Ξέρξεα,
717 1037 801 1116 κάρτα
820 1061 847 1096 τε

44 1121 173 1198 ἥσθη
141 1145 173 1198 τῃ
186 1118 274 1198 γνώμῃ
288 1120 333 1193 τῆς
341 1117 472 1219 Ἀρτεμισί
471 1143 507 1192 ης,
525 1145 570 1178 και
561 1122 719 1197 “νομίζων”
703 1144 739 1180 ετι
745 1118 845 1219 γιρότε-

45 1225 101 1284 ρον
114 1199 301 1273 σπουδαίην
275 1213 341 1260 εἰναι
352 1199 411 1260 τότε
427 1203 513 1279 πολλῷ
526 1203 664 1278 μάλλα’
637 1209 712 1261 αι’νεε.
741 1199 809 1278 ὅμως
821 1205 849 1260 δὲ

46 1309 122 1347 τοισι
134 1289 225 1344 πλέοσι
237 1288 391 1342 πείθεσθαι
403 1288 509 1352 ἐκέλευε,
528 1283 591 1343 τάδε
608 1282 767 1354 καταδόξας,
782 1283 848 1361 πρὸς

47 1351 99 1447 μέν
111 1365 207 1444 Εύβοίη
227 1371 309 1440 σφέας
322 1365 531 1425 ἐθελοκακέειν
511 1391 546 1433 ως
559 1365 590 1426 06
602 1365 747 1444 παρεόντος
760 1364 848 1433 αύτυύ,

48 1449 113 1520 τότε
124 1448 193 1508 66³
163 1446 242 1514 αυτὸς
253 1445 452 1526 παρεσκεύαστο
471 1447 635 1522 θεήσασθαι
648 1453 847 1550 ναυμαχέοντας.

116 1539 160 1589 79.
176 1529 278 1603 Επειδὴ
292 1534 320 1589 66
333 1528 512 1638 παρήγγελλον
525 1529 710 1601 ἀναπλέειν,
695 1533 792 1610 ανίχγον
802 1531 852 1596 τάς

28 1638 31 1646 ’
48 1615 119 1688 νῆας
130 1615 172 1672 ἐπί
183 1612 230 1686 τὴν
238 1618 382 1690 Σαλαμῖνα,
395 1637 438 1672 και
430 1616 659 1692 παρεκρίθησαν
666 1617 850 1688 διαταχθέντες

48 1693 112 1759 κατ’
129 1694 243 1770 ἡσυχίην.
271 1695 329 1755 τότε
346 1700 392 1771 μέν
409 1717 455 1754 νυν
472 1695 520 1756 οάκ
537 1701 656 1774 ’ἐξέχρησέ
673 1721 720 1772 σφι
737 1697 754 1770 6
771 1696 849 1774 ἡμέρη

49 1783 199 1855 ναυμαχίην
210 1783 363 1878 ποιέεσθαι·
384 1777 431 1844 νύξ
447 1776 501 1854 γάρ
517 1785 659 1879 ἐπεγένετο·
682 1781 709 1836 οἱ
727 1781 754 1836 δέ
767 1801 848 1854 παρε-

51 1860 237 1930 σκευάζυντο’
223 1883 248 1927 ις
260 1859 306 1932 τὴν
319 1859 466 1936 ὑστεραίην·
487 1858 548 1924 τούς
562 1863 589 1918 66
597 1857 756 1932 Ἕλληνας
731 1882 782 1930 ειχε
796 1862 852 1924 δέος

51 1969 84 2004 τε
97 1967 141 2002 και
131 1940 317 2022 “ἀρ’ῥιιδιη,’
290 1967 335 2002 ουκ
331 1940 441 2048 ἥκιστα
456 1943 484 1999 δέ
496 1939 557 2006 τούς
570 1939 626 2000 ἀπο
615 1938 851 2042 Πελρποννήσυυ

52 2025 187 2126 ἀρρώδεον
201 2023 270 2092 66⁰
255 2047 295 2084 στι
309 2022 385 2082 αύτολ
396 2028 443 2098 μέν
456 2029 483 2081 ἐν
496 2029 626 2097 Σαλαμῖνι
638 2019 776 2096 κατήμενοι
788 2019 853 2096 ύπέρ

50 2113 103 2188 γῆς
116 2109 161 2181 τῆς
170 2105 319 2180 Ἀθηναίων
331 2110 484 2182 ναυμαχέειν
495 2098 625 2206 μέλλοιεν,
629 2108 777 2175 νικηθέντες
786 2125 814 2162 τε
828 2109 854 2162 έν

52 2189 128 2266 νήσω
142 2189 359 2265 ἀπολαμφθέντες
375 2185 593 2264 πολιορκήσονται
611 2181 759 2250 ἀπέντες
733 2209 779 2258 την
791 2190 852 2246 ἑαυ-

52 2274 109 2332 τῶν
123 2270 289 2346 ἀφύλακτον.

120 2363 161 2412 71.
188 2354 245 2412 Ίλύν
258 2356 285 2411 δέ
302 2349 469 2460 βαρβάρων”
456 2377 471 2411 ο
475 2343 591 2419 πεζὸς
576 2348 630 2410 υπὸ
644 2349 690 2422 τὴν
703 2351 856 2427 παρεούσαν

53 2435 138 2495 νύκτα
151 2433 314 2512 ἐπορεύετο*
302 2437 344 2492 επὶ
360 2457 407 2507 την
420 2432 636 2506 Πελοπόννησον
657 2437 742 2491 καίτοι
757 2429 792 2508 66
809 2436 854 2490 δυ-

53 2516 127 2578 νατὰ
140 2516 229 2576 πάντα
242 2513 428 2594 ἐμεμηχάνητο,
451 2515 515 2582 ὅκως
532 2512 590 2573 κατ’
605 2511 711 2616 ἤπειρον
726 2539 806 2590 μη
752 2513 806 2573 ἐ
806 2513 855 2589 βά

55 2609 128 2662 λσιεν
147 2624 173 2659 οι
163 2597 327 2700 ‘66666666
345 2597 388 2664 ὥς
409 2595 462 2674 γάρ
485 2593 638 2657 ἐπύθοντο
633 2595 752 2670 τάχιστα
769 2603 853 2658 Πελο-

55 2681 198 2756 ποννήσιοι
211 2680 272 2748 τούς
286 2678 352 2758 ἀμφι
343 2682 522 2740 ἱἈεανίδεα
509 2702 535 2739 εν
553 2678 734 2758 Θερμοπύλησι
745 2686 855 2741 τετελευ-
