<?xml version="1.0" encoding="UTF-8"?>
<!DOCTYPE html PUBLIC "-//W3C//DTD XHTML 1.0 Transitional//EN"
    "http://www.w3.org/TR/xhtml1/DTD/xhtml1-transitional.dtd">
<html xmlns="http://www.w3.org/1999/xhtml" xml:lang="en" lang="en">
 <head>
  <title>
</title>
<meta http-equiv="Content-Type" content="text/html;charset=utf-8" />
  <meta name='ocr-system' content='tesseract 3.04.00' />
  <meta name='ocr-capabilities' content='ocr_page ocr_carea ocr_par ocr_line ocrx_word'/>
</head>
<body>
  <div class='ocr_page' id='page_1' title='image "./herodotihistori08herogoog_0423.png"; bbox 0 0 2030 3040; ppageno 0'>
   <div class='ocr_carea' id='block_1_1' title="bbox 126 111 637 194">
    <p class='ocr_par' dir='ltr' id='par_1_1' title="bbox 126 111 637 194">
     <span class='ocr_line' id='line_1_1' title="bbox 126 111 637 194; baseline -0.01 -10"><span class='ocrx_word' id='word_1_1' title='bbox 126 135 159 184; x_wconf 85' lang='grc' dir='ltr'><strong><em>ιι</em></strong></span> <span class='ocrx_word' id='word_1_2' title='bbox 334 111 340 124; x_wconf 75' lang='grc'><em>’</em></span> <span class='ocrx_word' id='word_1_3' title='bbox 435 133 637 194; x_wconf 68' lang='lat' dir='ltr'>annonem</span> 
     </span>
    </p>
   </div>
   <div class='ocr_carea' id='block_1_2' title="bbox 127 234 925 425">
    <p class='ocr_par' dir='ltr' id='par_1_2' title="bbox 127 234 925 403">
     <span class='ocr_line' id='line_1_2' title="bbox 127 234 923 336; baseline -0.009 -33"><span class='ocrx_word' id='word_1_4' title='bbox 127 240 232 312; x_wconf 85' lang='grc' dir='ltr'><strong><em>τοότους</em></strong></span> <span class='ocrx_word' id='word_1_5' title='bbox 250 237 403 318; x_wconf 82' lang='grc' dir='ltr'><strong><em>οίινομανέω.</em></strong></span> <span class='ocrx_word' id='word_1_6' title='bbox 441 235 542 314; x_wconf 84' lang='grc' dir='ltr'><strong><em>Ἴστρος</em></strong></span> <span class='ocrx_word' id='word_1_7' title='bbox 553 241 599 313; x_wconf 83' lang='grc' dir='ltr'><strong><em>μέν</em></strong></span> <span class='ocrx_word' id='word_1_8' title='bbox 611 234 796 314; x_wconf 75' lang='grc' dir='ltr'><strong><em>πεντάστομος,</em></strong></span> <span class='ocrx_word' id='word_1_9' title='bbox 813 235 880 336; x_wconf 76' lang='grc' dir='ltr'><strong><em>μετρι</em></strong></span> <span class='ocrx_word' id='word_1_10' title='bbox 895 239 923 296; x_wconf 78' lang='grc' dir='ltr'><strong><em>δέ</em></strong></span> 
     </span>
     <span class='ocr_line' id='line_1_3' title="bbox 130 317 925 425; baseline -0.013 -39"><span class='ocrx_word' id='word_1_11' title='bbox 130 325 213 403; x_wconf 69' lang='grc' dir='ltr'><strong><em>Τόρης</em></strong></span> <span class='ocrx_word' id='word_1_12' title='bbox 225 330 253 384; x_wconf 81' lang='grc' dir='ltr'><strong><em>ιε’</em></strong></span> <span class='ocrx_word' id='word_1_13' title='bbox 269 327 313 383; x_wconf 78' lang='grc' dir='ltr'><strong><em>καὶ</em></strong></span> <span class='ocrx_word' id='word_1_14' title='bbox 320 321 430 388; x_wconf 68' lang='grc' dir='ltr'><strong><em>Ὕπανις</em></strong></span> <span class='ocrx_word' id='word_1_15' title='bbox 447 345 490 379; x_wconf 89' lang='grc' dir='ltr'><strong><em>και</em></strong></span> <span class='ocrx_word' id='word_1_16' title='bbox 483 323 677 425; x_wconf 75' lang='grc' dir='ltr'><strong><em>Βορυσθένης</em></strong></span> <span class='ocrx_word' id='word_1_17' title='bbox 694 323 738 378; x_wconf 86' lang='grc' dir='ltr'><strong><em>καί</em></strong></span> <span class='ocrx_word' id='word_1_18' title='bbox 751 317 925 404; x_wconf 75' lang='grc' dir='ltr'><strong><em>Παντικάπης</em></strong></span> 
     </span>
    </p>
   </div>
   <div class='ocr_carea' id='block_1_3' title="bbox 125 400 925 549">
    <p class='ocr_par' dir='ltr' id='par_1_3' title="bbox 125 400 925 549">
     <span class='ocr_line' id='line_1_4' title="bbox 126 400 925 484; baseline -0.009 -17"><span class='ocrx_word' id='word_1_19' title='bbox 126 411 170 467; x_wconf 78' lang='grc' dir='ltr'><strong><em>καί</em></strong></span> <span class='ocrx_word' id='word_1_20' title='bbox 180 405 320 484; x_wconf 76' lang='grc' dir='ltr'><strong><em>Ὑπάκυρις</em></strong></span> <span class='ocrx_word' id='word_1_21' title='bbox 335 408 379 464; x_wconf 82' lang='grc' dir='ltr'><strong><em>καί</em></strong></span> <span class='ocrx_word' id='word_1_22' title='bbox 397 408 464 464; x_wconf 64' lang='lat' dir='ltr'><em>w</em></span> <span class='ocrx_word' id='word_1_23' title='bbox 432 427 493 482; x_wconf 85' lang='grc' dir='ltr'><strong><em>ρρος</em></strong></span> <span class='ocrx_word' id='word_1_24' title='bbox 508 405 552 460; x_wconf 85' lang='grc' dir='ltr'><strong><em>καὶ</em></strong></span> <span class='ocrx_word' id='word_1_25' title='bbox 573 400 680 467; x_wconf 82' lang='grc' dir='ltr'><strong><em>Τάναϊς·</em></strong></span> <span class='ocrx_word' id='word_1_26' title='bbox 703 407 790 480; x_wconf 80' lang='grc' dir='ltr'><strong><em>ῥέουσι</em></strong></span> <span class='ocrx_word' id='word_1_27' title='bbox 808 403 876 460; x_wconf 73' lang='grc' dir='ltr'><strong><em>δὲ’</em></strong></span> <span class='ocrx_word' id='word_1_28' title='bbox 849 426 925 462; x_wconf 85' lang='grc' dir='ltr'><strong><em>ουτοι</em></strong></span> 
     </span>
     <span class='ocr_line' id='line_1_5' title="bbox 125 489 273 549; baseline 0 -1"><span class='ocrx_word' id='word_1_29' title='bbox 125 515 192 549; x_wconf 89' lang='grc' dir='ltr'><strong><em>κοιτα</em></strong></span> <span class='ocrx_word' id='word_1_30' title='bbox 182 489 273 548; x_wconf 77' lang='grc' dir='ltr'><strong><em>’τόδε</em></strong></span> 
     </span>
    </p>
   </div>
   <div class='ocr_carea' id='block_1_4' title="bbox 125 564 1009 917">
    <p class='ocr_par' dir='ltr' id='par_1_4' title="bbox 125 564 1009 898">
     <span class='ocr_line' id='line_1_6' title="bbox 188 564 1009 674; baseline -0.01 -41"><span class='ocrx_word' id='word_1_31' title='bbox 188 580 228 634; x_wconf 98' lang='grc'><strong><em>48.</em></strong></span> <span class='ocrx_word' id='word_1_32' title='bbox 243 565 386 649; x_wconf 82' lang='grc' dir='ltr'><strong><em>Ἴστρος</em></strong></span> <span class='ocrx_word' id='word_1_33' title='bbox 356 592 402 648; x_wconf 82' lang='grc' dir='ltr'><strong><em>μιν</em></strong></span> <span class='ocrx_word' id='word_1_34' title='bbox 419 568 467 628; x_wconf 79' lang='grc' dir='ltr'><strong><em>έοίν</em></strong></span> <span class='ocrx_word' id='word_1_35' title='bbox 479 573 603 674; x_wconf 79' lang='grc' dir='ltr'><strong><em>μέγιστος</em></strong></span> <span class='ocrx_word' id='word_1_36' title='bbox 616 567 740 642; x_wconf 76' lang='grc' dir='ltr'><em>ποταμῶν</em></span> <span class='ocrx_word' id='word_1_37' title='bbox 753 564 858 624; x_wconf 82' lang='grc' dir='ltr'><strong><em>πόντων</em></strong></span> <span class='ocrx_word' id='word_1_38' title='bbox 871 568 924 626; x_wconf 77' lang='grc' dir='ltr'><strong><em>τῶν</em></strong></span> <span class='ocrx_word' id='word_1_39' title='bbox 1008 565 1009 572; x_wconf 33' lang='lat'>³</span> 
     </span>
     <span class='ocr_line' id='line_1_7' title="bbox 126 649 975 752; baseline -0.008 -39"><span class='ocrx_word' id='word_1_40' title='bbox 126 655 196 732; x_wconf 72' lang='grc' dir='ltr'><strong><em>ἡμεῖς</em></strong></span> <span class='ocrx_word' id='word_1_41' title='bbox 213 657 326 730; x_wconf 75' lang='grc' dir='ltr'><strong><em>ίθμεν,’</em></strong></span> <span class='ocrx_word' id='word_1_42' title='bbox 318 663 375 719; x_wconf 89' lang='grc' dir='ltr'><strong><em>ι’σος</em></strong></span> <span class='ocrx_word' id='word_1_43' title='bbox 393 653 443 710; x_wconf 80' lang='grc' dir='ltr'><strong><em>αἰεί</em></strong></span> <span class='ocrx_word' id='word_1_44' title='bbox 457 649 533 752; x_wconf 71' lang='grc' dir='ltr'><strong><em>αιἰτρς</em></strong></span> <span class='ocrx_word' id='word_1_45' title='bbox 551 651 634 726; x_wconf 72' lang='grc' dir='ltr'><strong><em>ἑωυτῷ</em></strong></span> <span class='ocrx_word' id='word_1_46' title='bbox 653 655 702 728; x_wconf 88' lang='grc' dir='ltr'><strong><em>ῥέει</em></strong></span> <span class='ocrx_word' id='word_1_47' title='bbox 715 675 759 707; x_wconf 87' lang='grc' dir='ltr'><strong><em>και</em></strong></span> <span class='ocrx_word' id='word_1_48' title='bbox 749 651 866 726; x_wconf 84' lang='grc' dir='ltr'><strong><em>θέρεος</em></strong></span> <span class='ocrx_word' id='word_1_49' title='bbox 879 653 924 707; x_wconf 78' lang='grc' dir='ltr'><strong><em>καί</em></strong></span> <span class='ocrx_word' id='word_1_50' title='bbox 973 687 975 699; x_wconf 75' lang='lat'>‹</span> 
     </span>
     <span class='ocr_line' id='line_1_8' title="bbox 125 731 1009 838; baseline -0.009 -43"><span class='ocrx_word' id='word_1_51' title='bbox 125 736 256 813; x_wconf 74' lang='grc' dir='ltr'><strong><em>χειμῶνος,</em></strong></span> <span class='ocrx_word' id='word_1_52' title='bbox 269 736 371 812; x_wconf 76' lang='grc' dir='ltr'><strong><em>πρῶτος</em></strong></span> <span class='ocrx_word' id='word_1_53' title='bbox 384 731 450 792; x_wconf 79' lang='grc' dir='ltr'><strong><em>δε</em></strong></span> <span class='ocrx_word' id='word_1_54' title='bbox 424 759 454 792; x_wconf 94' lang='grc' dir='ltr'><strong><em>το</em></strong></span> <span class='ocrx_word' id='word_1_55' title='bbox 469 731 517 792; x_wconf 78' lang='grc' dir='ltr'><strong><em>ἄπ’</em></strong></span> <span class='ocrx_word' id='word_1_56' title='bbox 534 737 642 838; x_wconf 76' lang='grc' dir='ltr'><strong><em>ἑσπέρης</em></strong></span> <span class='ocrx_word' id='word_1_57' title='bbox 655 733 706 790; x_wconf 76' lang='grc' dir='ltr'><strong><em>τῶν</em></strong></span> <span class='ocrx_word' id='word_1_58' title='bbox 719 739 746 791; x_wconf 83' lang='grc' dir='ltr'><strong><em>ιν</em></strong></span> <span class='ocrx_word' id='word_1_59' title='bbox 758 757 789 808; x_wconf 93' lang='grc' dir='ltr'><strong><em>τη</em></strong></span> <span class='ocrx_word' id='word_1_60' title='bbox 777 733 924 836; x_wconf 74' lang='grc' dir='ltr'><strong><em>Σκυθικη</em></strong></span> <span class='ocrx_word' id='word_1_61' title='bbox 1008 795 1009 806; x_wconf 21' lang='lat'>1</span> 
     </span>
     <span class='ocr_line' id='line_1_9' title="bbox 128 811 1009 917; baseline -0.005 -42"><span class='ocrx_word' id='word_1_62' title='bbox 128 825 195 917; x_wconf 89' lang='grc' dir='ltr'><strong><em>ῥέων</em></strong></span> <span class='ocrx_word' id='word_1_63' title='bbox 201 841 267 874; x_wconf 88' lang='grc' dir='ltr'><strong><em>κατα</em></strong></span> <span class='ocrx_word' id='word_1_64' title='bbox 258 815 381 875; x_wconf 78' lang='grc' dir='ltr'><strong><em>τοιόνδε</em></strong></span> <span class='ocrx_word' id='word_1_65' title='bbox 393 821 512 892; x_wconf 86' lang='grc' dir='ltr'><strong><em>μέγιστος</em></strong></span> <span class='ocrx_word' id='word_1_66' title='bbox 525 821 636 892; x_wconf 85' lang='grc' dir='ltr'><strong><em>γέγονε,</em></strong></span> <span class='ocrx_word' id='word_1_67' title='bbox 645 815 771 890; x_wconf 78' lang='grc' dir='ltr'><strong><em>ποταμῶν</em></strong></span> <span class='ocrx_word' id='word_1_68' title='bbox 782 839 826 872; x_wconf 90' lang='grc' dir='ltr'><strong><em>και</em></strong></span> <span class='ocrx_word' id='word_1_69' title='bbox 817 811 924 872; x_wconf 82' lang='grc' dir='ltr'><strong><em>ίίλλων</em></strong></span> <span class='ocrx_word' id='word_1_70' title='bbox 1008 837 1009 840; x_wconf 68' lang='grc'>’</span> 
     </span>
    </p>
   </div>
   <div class='ocr_carea' id='block_1_5' title="bbox 65 895 927 1388">
    <p class='ocr_par' dir='ltr' id='par_1_5' title="bbox 65 895 927 1388">
     <span class='ocr_line' id='line_1_10' title="bbox 65 895 923 998; baseline -0.002 -41"><span class='ocrx_word' id='word_1_71' title='bbox 65 906 73 928; x_wconf 84' lang='grc'><em>’</em></span> <span class='ocrx_word' id='word_1_72' title='bbox 127 907 152 965; x_wconf 84' lang='grc' dir='ltr'><strong><em>ές</em></strong></span> <span class='ocrx_word' id='word_1_73' title='bbox 165 897 244 957; x_wconf 73' lang='grc' dir='ltr'><strong><em>αυτόν</em></strong></span> <span class='ocrx_word' id='word_1_74' title='bbox 256 897 411 956; x_wconf 77' lang='grc' dir='ltr'><strong><em>ἐκδιδόντων.</em></strong></span> <span class='ocrx_word' id='word_1_75' title='bbox 438 899 489 957; x_wconf 77' lang='grc' dir='ltr'><strong><em>τίσι</em></strong></span> <span class='ocrx_word' id='word_1_76' title='bbox 479 900 533 955; x_wconf 75' lang='grc' dir='ltr'><strong><em>δέ</em></strong></span> <span class='ocrx_word' id='word_1_77' title='bbox 551 899 648 956; x_wconf 58' lang='grc' dir='ltr'><strong><em>οἵδε*</em></strong></span> <span class='ocrx_word' id='word_1_78' title='bbox 623 923 648 956; x_wconf 92' lang='grc' dir='ltr'><strong><em>οι</em></strong></span> <span class='ocrx_word' id='word_1_79' title='bbox 665 901 747 998; x_wconf 79' lang='grc' dir='ltr'><strong><em>μέγαν</em></strong></span> <span class='ocrx_word' id='word_1_80' title='bbox 764 895 843 956; x_wconf 74' lang='grc' dir='ltr'><strong><em>αι’πόν</em></strong></span> <span class='ocrx_word' id='word_1_81' title='bbox 860 918 923 955; x_wconf 86' lang='grc' dir='ltr'><strong><em>ποι-</em></strong></span> 
     </span>
     <span class='ocr_line' id='line_1_11' title="bbox 128 977 924 1058; baseline -0.004 -18"><span class='ocrx_word' id='word_1_82' title='bbox 128 981 224 1048; x_wconf 75' lang='grc' dir='ltr'><strong><em>εόντες,</em></strong></span> <span class='ocrx_word' id='word_1_83' title='bbox 247 979 290 1038; x_wconf 78' lang='grc' dir='ltr'><strong><em>διὰ</em></strong></span> <span class='ocrx_word' id='word_1_84' title='bbox 310 985 356 1057; x_wconf 85' lang='grc' dir='ltr'><strong><em>μέν</em></strong></span> <span class='ocrx_word' id='word_1_85' title='bbox 376 1004 407 1058; x_wconf 88' lang='grc' dir='ltr'><strong><em>γε</em></strong></span> <span class='ocrx_word' id='word_1_86' title='bbox 427 981 471 1052; x_wconf 74' lang='grc' dir='ltr'><strong><em>τῆς</em></strong></span> <span class='ocrx_word' id='word_1_87' title='bbox 493 980 624 1052; x_wconf 78' lang='grc' dir='ltr'><strong><em>Σκυθικῆς</em></strong></span> <span class='ocrx_word' id='word_1_88' title='bbox 639 977 726 1056; x_wconf 82' lang='grc' dir='ltr'><strong><em>χοίρης</em></strong></span> <span class='ocrx_word' id='word_1_89' title='bbox 743 983 815 1037; x_wconf 88' lang='grc' dir='ltr'><strong><em>πέντε</em></strong></span> <span class='ocrx_word' id='word_1_90' title='bbox 830 983 879 1054; x_wconf 84' lang='grc' dir='ltr'><strong><em>μέν</em></strong></span> <span class='ocrx_word' id='word_1_91' title='bbox 897 1003 924 1037; x_wconf 90' lang='grc' dir='ltr'><strong><em>οι</em></strong></span> 
     </span>
     <span class='ocr_line' id='line_1_12' title="bbox 129 1059 923 1169; baseline -0.004 -48"><span class='ocrx_word' id='word_1_92' title='bbox 129 1068 240 1142; x_wconf 89' lang='grc' dir='ltr'><strong><em>ῥέοντες,</em></strong></span> <span class='ocrx_word' id='word_1_93' title='bbox 266 1061 313 1124; x_wconf 88' lang='grc' dir='ltr'><strong><em>τόν</em></strong></span> <span class='ocrx_word' id='word_1_94' title='bbox 331 1087 359 1122; x_wconf 87' lang='grc' dir='ltr'><strong><em>τε</em></strong></span> <span class='ocrx_word' id='word_1_95' title='bbox 376 1062 484 1122; x_wconf 87' lang='grc' dir='ltr'><strong><em>Σκόθαι</em></strong></span> <span class='ocrx_word' id='word_1_96' title='bbox 502 1061 633 1169; x_wconf 85' lang='grc' dir='ltr'><strong><em>Πόρατα</em></strong></span> <span class='ocrx_word' id='word_1_97' title='bbox 634 1067 753 1122; x_wconf 83' lang='grc' dir='ltr'><strong><em>καλέουσι</em></strong></span> <span class='ocrx_word' id='word_1_98' title='bbox 764 1059 875 1132; x_wconf 74' lang='grc' dir='ltr'><strong><em>Ἕλληνες</em></strong></span> <span class='ocrx_word' id='word_1_99' title='bbox 892 1063 923 1118; x_wconf 78' lang='grc' dir='ltr'><strong><em>δέ</em></strong></span> 
     </span>
     <span class='ocr_line' id='line_1_13' title="bbox 129 1140 922 1248; baseline -0.004 -44"><span class='ocrx_word' id='word_1_100' title='bbox 129 1145 261 1224; x_wconf 85' lang='grc' dir='ltr'><strong><em>Πυρετόν,</em></strong></span> <span class='ocrx_word' id='word_1_101' title='bbox 284 1171 328 1204; x_wconf 89' lang='grc' dir='ltr'><strong><em>και</em></strong></span> <span class='ocrx_word' id='word_1_102' title='bbox 319 1145 417 1213; x_wconf 80' lang='grc' dir='ltr'><strong><em>σίλλος</em></strong></span> <span class='ocrx_word' id='word_1_103' title='bbox 433 1145 576 1248; x_wconf 54' lang='grc' dir='ltr'><strong><em>Ίραραπὸς</em></strong></span> <span class='ocrx_word' id='word_1_104' title='bbox 589 1143 750 1222; x_wconf 76' lang='grc' dir='ltr'><strong><em>καιἎραρός</em></strong></span> <span class='ocrx_word' id='word_1_105' title='bbox 761 1145 844 1202; x_wconf 78' lang='grc' dir='ltr'><strong><em>τεκαὶ</em></strong></span> <span class='ocrx_word' id='word_1_106' title='bbox 859 1140 922 1201; x_wconf 78' lang='grc' dir='ltr'><strong><em>Νά-</em></strong></span> 
     </span>
     <span class='ocr_line' id='line_1_14' title="bbox 130 1227 927 1336; baseline -0.003 -50"><span class='ocrx_word' id='word_1_107' title='bbox 130 1252 208 1305; x_wconf 85' lang='grc' dir='ltr'><strong><em>παρις</em></strong></span> <span class='ocrx_word' id='word_1_108' title='bbox 221 1253 264 1286; x_wconf 89' lang='grc' dir='ltr'><strong><em>και</em></strong></span> <span class='ocrx_word' id='word_1_109' title='bbox 255 1227 464 1336; x_wconf 67' lang='grc' dir='ltr'><strong><em>“’Θριλησσος.</em></strong></span> <span class='ocrx_word' id='word_1_110' title='bbox 450 1254 465 1288; x_wconf 96' lang='grc' dir='ltr'><strong><em>ο</em></strong></span> <span class='ocrx_word' id='word_1_111' title='bbox 483 1234 529 1304; x_wconf 85' lang='grc' dir='ltr'><strong><em>μὲν</em></strong></span> <span class='ocrx_word' id='word_1_112' title='bbox 546 1229 655 1306; x_wconf 77' lang='grc' dir='ltr'><strong><em>πρῶτος</em></strong></span> <span class='ocrx_word' id='word_1_113' title='bbox 659 1229 761 1300; x_wconf 85' lang='grc' dir='ltr'><strong><em>λεχθείς</em></strong></span> <span class='ocrx_word' id='word_1_114' title='bbox 774 1228 825 1285; x_wconf 82' lang='grc' dir='ltr'><strong><em>τῶν</em></strong></span> <span class='ocrx_word' id='word_1_115' title='bbox 837 1232 927 1286; x_wconf 64' lang='grc' dir='ltr'><strong><em>ποταέ</em></strong></span> 
     </span>
     <span class='ocr_line' id='line_1_15' title="bbox 96 1307 927 1388; baseline -0.004 -19"><span class='ocrx_word' id='word_1_116' title='bbox 96 1348 98 1351; x_wconf 93' lang='grc'>-</span> <span class='ocrx_word' id='word_1_117' title='bbox 130 1311 185 1386; x_wconf 76' lang='grc' dir='ltr'><strong><em>μῶν</em></strong></span> <span class='ocrx_word' id='word_1_118' title='bbox 202 1315 282 1386; x_wconf 85' lang='grc' dir='ltr'><strong><em>μέγας</em></strong></span> <span class='ocrx_word' id='word_1_119' title='bbox 303 1313 347 1368; x_wconf 86' lang='grc' dir='ltr'><strong><em>καί</em></strong></span> <span class='ocrx_word' id='word_1_120' title='bbox 364 1309 430 1388; x_wconf 89' lang='grc' dir='ltr'><strong><em>πρὸς</em></strong></span> <span class='ocrx_word' id='word_1_121' title='bbox 447 1309 486 1383; x_wconf 74' lang='grc' dir='ltr'><em>ηῶ</em></span> <span class='ocrx_word' id='word_1_122' title='bbox 504 1315 567 1388; x_wconf 90' lang='grc' dir='ltr'><strong><em>ῥέων</em></strong></span> <span class='ocrx_word' id='word_1_123' title='bbox 584 1309 767 1370; x_wconf 79' lang='grc' dir='ltr'><strong><em>ἆνακοινοίιται</em></strong></span> <span class='ocrx_word' id='word_1_124' title='bbox 783 1311 819 1384; x_wconf 81' lang='grc' dir='ltr'><strong><em>τῷ</em></strong></span> <span class='ocrx_word' id='word_1_125' title='bbox 833 1307 927 1386; x_wconf 82' lang='grc' dir='ltr'><strong><em>Ἴστρῳ</em></strong></span> 
     </span>
    </p>
   </div>
   <div class='ocr_carea' id='block_1_6' title="bbox 130 1390 942 1472">
    <p class='ocr_par' dir='ltr' id='par_1_6' title="bbox 130 1390 942 1472">
     <span class='ocr_line' id='line_1_16' title="bbox 130 1390 942 1472; baseline 0.002 -24"><span class='ocrx_word' id='word_1_126' title='bbox 130 1415 161 1450; x_wconf 92' lang='grc' dir='ltr'><strong><em>το</em></strong></span> <span class='ocrx_word' id='word_1_127' title='bbox 152 1391 280 1468; x_wconf 68' lang='grc' dir='ltr'><strong><em>ὕδωρ,</em></strong></span> <span class='ocrx_word' id='word_1_128' title='bbox 267 1418 282 1451; x_wconf 96' lang='grc' dir='ltr'><strong><em>ο</em></strong></span> <span class='ocrx_word' id='word_1_129' title='bbox 296 1395 323 1450; x_wconf 82' lang='grc' dir='ltr'><strong><em>δέ</em></strong></span> <span class='ocrx_word' id='word_1_130' title='bbox 336 1391 453 1469; x_wconf 79' lang='grc' dir='ltr'><strong><em>ὃεότερος</em></strong></span> <span class='ocrx_word' id='word_1_131' title='bbox 465 1396 567 1469; x_wconf 81' lang='grc' dir='ltr'><strong><em>λεχθείς</em></strong></span> <span class='ocrx_word' id='word_1_132' title='bbox 583 1391 725 1472; x_wconf 86' lang='grc' dir='ltr'><strong><em>Τιαραντός</em></strong></span> <span class='ocrx_word' id='word_1_133' title='bbox 737 1390 804 1470; x_wconf 83' lang='grc' dir='ltr'><strong><em>πρὸς</em></strong></span> <span class='ocrx_word' id='word_1_134' title='bbox 817 1397 942 1469; x_wconf 77' lang='grc' dir='ltr'><strong><em>ἑσπέρης</em></strong></span> 
     </span>
    </p>
   </div>
   <div class='ocr_carea' id='block_1_7' title="bbox 124 1471 930 1882">
    <p class='ocr_par' dir='ltr' id='par_1_7' title="bbox 124 1471 930 1882">
     <span class='ocr_line' id='line_1_17' title="bbox 130 1471 927 1554; baseline 0.004 -25"><span class='ocrx_word' id='word_1_135' title='bbox 130 1496 158 1530; x_wconf 87' lang='grc' dir='ltr'><strong><em>τε</em></strong></span> <span class='ocrx_word' id='word_1_136' title='bbox 170 1473 266 1547; x_wconf 79' lang='grc' dir='ltr'><strong><em>μᾶλλον</em></strong></span> <span class='ocrx_word' id='word_1_137' title='bbox 279 1497 322 1530; x_wconf 91' lang='grc' dir='ltr'><strong><em>και</em></strong></span> <span class='ocrx_word' id='word_1_138' title='bbox 313 1471 463 1532; x_wconf 77' lang='grc' dir='ltr'><strong><em>ἐλάσσων</em></strong></span> <span class='ocrx_word' id='word_1_139' title='bbox 485 1501 500 1534; x_wconf 93' lang='grc' dir='ltr'><strong><em>ο</em></strong></span> <span class='ocrx_word' id='word_1_140' title='bbox 489 1475 544 1534; x_wconf 78' lang='grc' dir='ltr'><strong><em>δέ</em></strong></span> <span class='ocrx_word' id='word_1_141' title='bbox 558 1473 713 1582; x_wconf 74' lang='grc' dir='ltr'><strong><em>ὂηἌραρός</em></strong></span> <span class='ocrx_word' id='word_1_142' title='bbox 730 1499 758 1533; x_wconf 87' lang='grc' dir='ltr'><strong><em>τε</em></strong></span> <span class='ocrx_word' id='word_1_143' title='bbox 774 1499 819 1532; x_wconf 89' lang='grc' dir='ltr'><strong><em>και</em></strong></span> <span class='ocrx_word' id='word_1_144' title='bbox 833 1499 848 1534; x_wconf 93' lang='grc' dir='ltr'><strong><em>ο</em></strong></span> <span class='ocrx_word' id='word_1_145' title='bbox 865 1474 927 1532; x_wconf 85' lang='grc' dir='ltr'><strong><em>Νό-</em></strong></span> 
     </span>
     <span class='ocr_line' id='line_1_18' title="bbox 131 1553 927 1655; baseline 0.005 -44"><span class='ocrx_word' id='word_1_146' title='bbox 131 1577 209 1630; x_wconf 89' lang='grc' dir='ltr'><strong><em>παρις</em></strong></span> <span class='ocrx_word' id='word_1_147' title='bbox 226 1557 271 1611; x_wconf 84' lang='grc' dir='ltr'><strong><em>καί</em></strong></span> <span class='ocrx_word' id='word_1_148' title='bbox 288 1579 303 1612; x_wconf 92' lang='grc' dir='ltr'><strong><em>ο</em></strong></span> <span class='ocrx_word' id='word_1_149' title='bbox 293 1553 457 1655; x_wconf 70' lang='grc' dir='ltr'><strong><em>”ορδησσὸς</em></strong></span> <span class='ocrx_word' id='word_1_150' title='bbox 475 1557 564 1616; x_wconf 74' lang='lat'><strong><em>616¹</em></strong></span> <span class='ocrx_word' id='word_1_151' title='bbox 530 1577 612 1634; x_wconf 87' lang='grc' dir='ltr'><strong><em>μεσου</em></strong></span> <span class='ocrx_word' id='word_1_152' title='bbox 625 1558 723 1617; x_wconf 77' lang='grc' dir='ltr'><strong><em>τούτων</em></strong></span> <span class='ocrx_word' id='word_1_153' title='bbox 736 1555 816 1624; x_wconf 78' lang='grc' dir='ltr'><strong><em>ἰόντες</em></strong></span> <span class='ocrx_word' id='word_1_154' title='bbox 830 1555 927 1632; x_wconf 79' lang='grc' dir='ltr'><strong><em>ἐσβάλ-</em></strong></span> 
     </span>
     <span class='ocr_line' id='line_1_19' title="bbox 130 1633 930 1718; baseline 0.003 -23"><span class='ocrx_word' id='word_1_155' title='bbox 130 1641 204 1695; x_wconf 87' lang='grc' dir='ltr'><strong><em>λουσι</em></strong></span> <span class='ocrx_word' id='word_1_156' title='bbox 225 1642 250 1700; x_wconf 76' lang='grc' dir='ltr'><strong><em>ἐς</em></strong></span> <span class='ocrx_word' id='word_1_157' title='bbox 270 1633 317 1694; x_wconf 88' lang='grc' dir='ltr'><strong><em>τὸν</em></strong></span> <span class='ocrx_word' id='word_1_158' title='bbox 334 1634 442 1714; x_wconf 89' lang='grc' dir='ltr'><strong><em>Ἴστρον.</em></strong></span> <span class='ocrx_word' id='word_1_159' title='bbox 475 1664 547 1700; x_wconf 90' lang='grc' dir='ltr'><strong><em>ουτοι</em></strong></span> <span class='ocrx_word' id='word_1_160' title='bbox 572 1646 619 1718; x_wconf 87' lang='grc' dir='ltr'><strong><em>μέν</em></strong></span> <span class='ocrx_word' id='word_1_161' title='bbox 646 1639 785 1718; x_wconf 85' lang='grc' dir='ltr'><strong><em>αυτιγενέες</em></strong></span> <span class='ocrx_word' id='word_1_162' title='bbox 810 1644 930 1715; x_wconf 86' lang='grc' dir='ltr'><strong><em>ποταμοί</em></strong></span> 
     </span>
     <span class='ocr_line' id='line_1_20' title="bbox 131 1719 928 1800; baseline 0.006 -25"><span class='ocrx_word' id='word_1_163' title='bbox 131 1719 258 1775; x_wconf 81' lang='grc' dir='ltr'><strong><em>Σκυθικοὶ</em></strong></span> <span class='ocrx_word' id='word_1_164' title='bbox 271 1719 516 1794; x_wconf 77' lang='grc' dir='ltr'><strong><em>συμπληθύουσι’</em></strong></span> <span class='ocrx_word' id='word_1_165' title='bbox 485 1722 572 1792; x_wconf 85' lang='grc' dir='ltr'><strong><em>αυτόν,</em></strong></span> <span class='ocrx_word' id='word_1_166' title='bbox 591 1730 618 1782; x_wconf 78' lang='grc' dir='ltr'><strong><em>ἐκ</em></strong></span> <span class='ocrx_word' id='word_1_167' title='bbox 631 1722 675 1780; x_wconf 76' lang='grc' dir='ltr'><strong><em>δί’</em></strong></span> <span class='ocrx_word' id='word_1_168' title='bbox 671 1721 844 1800; x_wconf 84' lang='grc' dir='ltr'><strong><em>Αγαθόρσων</em></strong></span> <span class='ocrx_word' id='word_1_169' title='bbox 858 1721 928 1782; x_wconf 84' lang='grc' dir='ltr'><strong><em>Μά-</em></strong></span> 
     </span>
     <span class='ocr_line' id='line_1_21' title="bbox 124 1796 714 1882; baseline 0.012 -27"><span class='ocrx_word' id='word_1_170' title='bbox 124 1823 169 1875; x_wconf 89' lang='grc' dir='ltr'><strong><em>ρις</em></strong></span> <span class='ocrx_word' id='word_1_171' title='bbox 182 1796 299 1874; x_wconf 86' lang='grc' dir='ltr'><strong><em>ποταμός</em></strong></span> <span class='ocrx_word' id='word_1_172' title='bbox 312 1805 374 1878; x_wconf 86' lang='grc' dir='ltr'><strong><em>ῥέων</em></strong></span> <span class='ocrx_word' id='word_1_173' title='bbox 389 1808 602 1880; x_wconf 69' lang='grc' dir='ltr'><strong><em>συμμίσγεται</em></strong></span> <span class='ocrx_word' id='word_1_174' title='bbox 571 1807 607 1862; x_wconf 82' lang='grc' dir='ltr'><strong>τῶ</strong></span> <span class='ocrx_word' id='word_1_175' title='bbox 617 1803 714 1882; x_wconf 81' lang='grc' dir='ltr'><strong><em>Ἴστρῳ.</em></strong></span> 
     </span>
    </p>
   </div>
   <div class='ocr_carea' id='block_1_8' title="bbox 192 1881 1009 1964">
    <p class='ocr_par' dir='ltr' id='par_1_8' title="bbox 192 1881 1009 1964">
     <span class='ocr_line' id='line_1_22' title="bbox 192 1881 1009 1964; baseline 0.006 -26"><span class='ocrx_word' id='word_1_176' title='bbox 192 1887 233 1938; x_wconf 79' lang='grc'><strong><em>49.</em></strong></span> <span class='ocrx_word' id='word_1_177' title='bbox 251 1881 293 1940; x_wconf 85' lang='grc' dir='ltr'><strong><em>Εκ</em></strong></span> <span class='ocrx_word' id='word_1_178' title='bbox 307 1885 335 1940; x_wconf 82' lang='grc' dir='ltr'><strong><em>δέ</em></strong></span> <span class='ocrx_word' id='word_1_179' title='bbox 347 1907 394 1942; x_wconf 94' lang='grc' dir='ltr'><strong><em>του</em></strong></span> <span class='ocrx_word' id='word_1_180' title='bbox 381 1885 539 1960; x_wconf 81' lang='grc' dir='ltr'><strong><em>”Αίμου</em></strong></span> <span class='ocrx_word' id='word_1_181' title='bbox 504 1909 555 1944; x_wconf 90' lang='grc' dir='ltr'><strong><em>των</em></strong></span> <span class='ocrx_word' id='word_1_182' title='bbox 572 1893 702 1964; x_wconf 85' lang='grc' dir='ltr'><strong><em>κορυφέων</em></strong></span> <span class='ocrx_word' id='word_1_183' title='bbox 715 1893 782 1964; x_wconf 77' lang='grc' dir='ltr'><strong><em>τρεῖς</em></strong></span> <span class='ocrx_word' id='word_1_184' title='bbox 794 1883 867 1946; x_wconf 81' lang='grc' dir='ltr'><strong><em>ίίλλοι</em></strong></span> <span class='ocrx_word' id='word_1_185' title='bbox 878 1911 926 1962; x_wconf 85' lang='grc' dir='ltr'><strong><em>με-</em></strong></span> <span class='ocrx_word' id='word_1_186' title='bbox 1008 1885 1009 1892; x_wconf 62' lang='grc'>’</span> 
     </span>
    </p>
   </div>
   <div class='ocr_carea' id='block_1_9' title="bbox 125 1959 929 2128">
    <p class='ocr_par' dir='ltr' id='par_1_9' title="bbox 127 1959 929 2128">
     <span class='ocr_line' id='line_1_23' title="bbox 128 1959 928 2044; baseline 0.011 -25"><span class='ocrx_word' id='word_1_187' title='bbox 128 1959 246 2038; x_wconf 66' lang='grc' dir='ltr'><strong><em>γόλοι*</em></strong></span> <span class='ocrx_word' id='word_1_188' title='bbox 217 1987 315 2040; x_wconf 85' lang='grc' dir='ltr'><strong><em>ρεοντες</em></strong></span> <span class='ocrx_word' id='word_1_189' title='bbox 332 1962 399 2042; x_wconf 85' lang='grc' dir='ltr'><strong><em>πρός</em></strong></span> <span class='ocrx_word' id='word_1_190' title='bbox 417 1965 534 2044; x_wconf 72' lang='grc' dir='ltr'><strong><em>βορῆν”</em></strong></span> <span class='ocrx_word' id='word_1_191' title='bbox 515 1991 609 2044; x_wconf 88' lang='grc' dir='ltr'><strong><em>ανεμον</em></strong></span> <span class='ocrx_word' id='word_1_192' title='bbox 627 1969 809 2044; x_wconf 78' lang='grc' dir='ltr'><strong><em>ἐσβοίίλουοι’</em></strong></span> <span class='ocrx_word' id='word_1_193' title='bbox 796 1993 821 2034; x_wconf 82' lang='grc' dir='ltr'><strong><em>ις</em></strong></span> <span class='ocrx_word' id='word_1_194' title='bbox 836 1967 928 2038; x_wconf 86' lang='grc' dir='ltr'><strong><em>αίιτόν,</em></strong></span> 
     </span>
     <span class='ocr_line' id='line_1_24' title="bbox 125 2040 929 2128; baseline 0.009 -27.017"><span class='ocrx_word' id='word_1_195' title='bbox 125 2040 213 2112; x_wconf 87' lang='grc' dir='ltr'><strong><em>Ατλας</em></strong></span> <span class='ocrx_word' id='word_1_196' title='bbox 220 2069 264 2113; x_wconf 85' lang='grc' dir='ltr'><strong><em>και</em></strong></span> <span class='ocrx_word' id='word_1_197' title='bbox 254 2043 360 2122; x_wconf 87' lang='grc' dir='ltr'><strong><em>Αίίρας</em></strong></span> <span class='ocrx_word' id='word_1_198' title='bbox 368 2071 412 2106; x_wconf 92' lang='grc' dir='ltr'><strong><em>και</em></strong></span> <span class='ocrx_word' id='word_1_199' title='bbox 403 2051 531 2123; x_wconf 82' lang='grc' dir='ltr'><strong><em>Τίβισις</em></strong></span> <span class='ocrx_word' id='word_1_200' title='bbox 542 2049 584 2108; x_wconf 82' lang='grc' dir='ltr'><strong><em>διό</em></strong></span> <span class='ocrx_word' id='word_1_201' title='bbox 595 2053 622 2109; x_wconf 76' lang='grc' dir='ltr'><strong><em>δέ</em></strong></span> <span class='ocrx_word' id='word_1_202' title='bbox 633 2053 742 2128; x_wconf 75' lang='grc' dir='ltr'><strong><em>Θρηίκης</em></strong></span> <span class='ocrx_word' id='word_1_203' title='bbox 753 2075 797 2108; x_wconf 90' lang='grc' dir='ltr'><strong><em>και</em></strong></span> <span class='ocrx_word' id='word_1_204' title='bbox 788 2053 929 2127; x_wconf 80' lang='grc' dir='ltr'><strong><em>Θρηίκων</em></strong></span> 
     </span>
    </p>
   </div>
   <div class='ocr_carea' id='block_1_10' title="bbox 130 2126 928 2229">
    <p class='ocr_par' dir='ltr' id='par_1_10' title="bbox 130 2126 928 2229">
     <span class='ocr_line' id='line_1_25' title="bbox 130 2126 928 2229; baseline 0.01 -47"><span class='ocrx_word' id='word_1_205' title='bbox 130 2127 181 2184; x_wconf 76' lang='grc' dir='ltr'><strong><em>τῶν</em></strong></span> <span class='ocrx_word' id='word_1_206' title='bbox 188 2126 280 2204; x_wconf 87' lang='grc' dir='ltr'><strong><em>Κροβό</em></strong></span> <span class='ocrx_word' id='word_1_207' title='bbox 282 2133 370 2196; x_wconf 85' lang='grc' dir='ltr'><strong><em>ζων’</em></strong></span> <span class='ocrx_word' id='word_1_208' title='bbox 336 2153 439 2229; x_wconf 83' lang='grc' dir='ltr'><strong><em>ρεοντες</em></strong></span> <span class='ocrx_word' id='word_1_209' title='bbox 448 2129 548 2208; x_wconf 87' lang='grc' dir='ltr'><strong><em>Αθρυς</em></strong></span> <span class='ocrx_word' id='word_1_210' title='bbox 560 2136 604 2190; x_wconf 83' lang='grc' dir='ltr'><strong><em>καί</em></strong></span> <span class='ocrx_word' id='word_1_211' title='bbox 615 2132 742 2206; x_wconf 84' lang='grc' dir='ltr'><strong><em>Νόηςκαι</em></strong></span> <span class='ocrx_word' id='word_1_212' title='bbox 733 2129 897 2210; x_wconf 77' lang='grc' dir='ltr'><strong><em>Ἆρτόνης’</em></strong></span> <span class='ocrx_word' id='word_1_213' title='bbox 883 2157 928 2190; x_wconf 82' lang='grc' dir='ltr'><strong><em>εκ-</em></strong></span> 
     </span>
    </p>
   </div>
   <div class='ocr_carea' id='block_1_11' title="bbox 131 2207 927 2292">
    <p class='ocr_par' dir='ltr' id='par_1_11' title="bbox 131 2207 927 2292">
     <span class='ocr_line' id='line_1_26' title="bbox 131 2207 927 2292; baseline 0.012 -28"><span class='ocrx_word' id='word_1_214' title='bbox 131 2209 257 2266; x_wconf 77' lang='grc' dir='ltr'><strong><em>ὄιιλουσι’</em></strong></span> <span class='ocrx_word' id='word_1_215' title='bbox 244 2233 268 2274; x_wconf 83' lang='grc' dir='ltr'><strong><em>ες</em></strong></span> <span class='ocrx_word' id='word_1_216' title='bbox 281 2207 327 2268; x_wconf 88' lang='grc' dir='ltr'><strong><em>τὸν</em></strong></span> <span class='ocrx_word' id='word_1_217' title='bbox 336 2208 476 2288; x_wconf 78' lang='grc' dir='ltr'><strong><em>Ἴστρον·’</em></strong></span> <span class='ocrx_word' id='word_1_218' title='bbox 462 2238 490 2272; x_wconf 81' lang='grc' dir='ltr'><strong><em>εκ</em></strong></span> <span class='ocrx_word' id='word_1_219' title='bbox 502 2218 530 2272; x_wconf 84' lang='grc' dir='ltr'><strong><em>δέ</em></strong></span> <span class='ocrx_word' id='word_1_220' title='bbox 542 2215 666 2282; x_wconf 84' lang='grc' dir='ltr'><strong><em>Παιόνων</em></strong></span> <span class='ocrx_word' id='word_1_221' title='bbox 679 2219 723 2273; x_wconf 86' lang='grc' dir='ltr'><strong><em>καί</em></strong></span> <span class='ocrx_word' id='word_1_222' title='bbox 737 2213 826 2292; x_wconf 81' lang='grc' dir='ltr'><strong><em>οίίρεος</em></strong></span> <span class='ocrx_word' id='word_1_223' title='bbox 832 2213 927 2273; x_wconf 75' lang='grc' dir='ltr'><strong><em>Ροδό-</em></strong></span> 
     </span>
    </p>
   </div>
   <div class='ocr_carea' id='block_1_12' title="bbox 130 2292 1009 2478">
    <p class='ocr_par' dir='ltr' id='par_1_12' title="bbox 130 2289 1009 2462">
     <span class='ocr_line' id='line_1_27' title="bbox 130 2292 1009 2388; baseline -0.016 -21"><span class='ocrx_word' id='word_1_224' title='bbox 130 2309 179 2388; x_wconf 64' lang='grc' dir='ltr'><strong><em>πζίς</em></strong></span> <span class='ocrx_word' id='word_1_225' title='bbox 192 2295 268 2356; x_wconf 65' lang='grc' dir='ltr'><strong><em>Σκίθέ</em></strong></span> <span class='ocrx_word' id='word_1_226' title='bbox 285 2292 402 2368; x_wconf 67' lang='grc' dir='ltr'><strong><em>πθῖᾱμὸς</em></strong></span> <span class='ocrx_word' id='word_1_227' title='bbox 418 2300 498 2370; x_wconf 75' lang='grc' dir='ltr'><strong><em>μέσον</em></strong></span> <span class='ocrx_word' id='word_1_228' title='bbox 516 2297 650 2369; x_wconf 79' lang='grc' dir='ltr'><strong><em>σχίζων</em></strong></span> <span class='ocrx_word' id='word_1_229' title='bbox 624 2321 670 2357; x_wconf 91' lang='grc' dir='ltr'><strong><em>τον</em></strong></span> <span class='ocrx_word' id='word_1_230' title='bbox 683 2293 769 2374; x_wconf 79' lang='grc' dir='ltr'><strong><em>Αἷμον</em></strong></span> <span class='ocrx_word' id='word_1_231' title='bbox 787 2299 916 2374; x_wconf 73' lang='grc' dir='ltr'><strong><em>έσόιὸοῒ’</em></strong></span> <span class='ocrx_word' id='word_1_232' title='bbox 901 2321 929 2363; x_wconf 86' lang='grc' dir='ltr'><strong><em>ες</em></strong></span> <span class='ocrx_word' id='word_1_233' title='bbox 1008 2295 1009 2372; x_wconf 46' lang='grc' dir='ltr'><strong>ᾗ</strong></span> 
     </span>
     <span class='ocr_line' id='line_1_28' title="bbox 131 2367 1009 2478; baseline -0.006 -39"><span class='ocrx_word' id='word_1_234' title='bbox 131 2367 217 2428; x_wconf 65' lang='grc' dir='ltr'><strong><em>αὗῑόν·</em></strong></span> <span class='ocrx_word' id='word_1_235' title='bbox 223 2371 408 2470; x_wconf 75' lang='grc' dir='ltr'><strong><em>ἕξἸλλυριῶν</em></strong></span> <span class='ocrx_word' id='word_1_236' title='bbox 421 2379 449 2434; x_wconf 80' lang='grc' dir='ltr'><strong><em>δέ</em></strong></span> <span class='ocrx_word' id='word_1_237' title='bbox 462 2383 524 2454; x_wconf 83' lang='grc' dir='ltr'><strong><em>ῥέων</em></strong></span> <span class='ocrx_word' id='word_1_238' title='bbox 537 2377 604 2478; x_wconf 82' lang='grc' dir='ltr'><strong><em>πρὸς</em></strong></span> <span class='ocrx_word' id='word_1_239' title='bbox 617 2378 730 2457; x_wconf 81' lang='grc' dir='ltr'><strong><em>βυρίηνΙ</em></strong></span> <span class='ocrx_word' id='word_1_240' title='bbox 711 2376 928 2456; x_wconf 64' lang='grc' dir='ltr'><strong><em>ανεμονῖέγγρος</em></strong></span> <span class='ocrx_word' id='word_1_241' title='bbox 1008 2385 1009 2408; x_wconf 65' lang='lat'>¹</span> 
     </span>
    </p>
   </div>
   <div class='ocr_carea' id='block_1_13' title="bbox 129 2449 929 2624">
    <p class='ocr_par' dir='ltr' id='par_1_13' title="bbox 129 2449 929 2618">
     <span class='ocr_line' id='line_1_29' title="bbox 129 2449 927 2568; baseline 0.019 -63"><span class='ocrx_word' id='word_1_242' title='bbox 129 2449 247 2526; x_wconf 78' lang='grc' dir='ltr'><strong><em>ποταμός</em></strong></span> <span class='ocrx_word' id='word_1_243' title='bbox 262 2453 378 2526; x_wconf 79' lang='grc' dir='ltr'><strong><em>ἐσβάλλει</em></strong></span> <span class='ocrx_word' id='word_1_244' title='bbox 395 2464 420 2523; x_wconf 84' lang='grc' dir='ltr'><strong><em>ές</em></strong></span> <span class='ocrx_word' id='word_1_245' title='bbox 437 2459 569 2519; x_wconf 79' lang='grc' dir='ltr'><strong><em>πεδίον“</em></strong></span> <span class='ocrx_word' id='word_1_246' title='bbox 544 2485 574 2518; x_wconf 95' lang='grc' dir='ltr'><strong><em>το</em></strong></span> <span class='ocrx_word' id='word_1_247' title='bbox 595 2461 759 2568; x_wconf 77' lang='grc' dir='ltr'><strong><em>Τριβαλλικὸν</em></strong></span> <span class='ocrx_word' id='word_1_248' title='bbox 776 2485 821 2530; x_wconf 77' lang='grc' dir='ltr'><strong><em>και</em></strong></span> <span class='ocrx_word' id='word_1_249' title='bbox 811 2464 858 2526; x_wconf 85' lang='grc' dir='ltr'><strong><em>ές</em></strong></span> <span class='ocrx_word' id='word_1_250' title='bbox 871 2483 927 2520; x_wconf 91' lang='grc' dir='ltr'><strong><em>πο-</em></strong></span> 
     </span>
     <span class='ocr_line' id='line_1_30' title="bbox 129 2533 929 2624; baseline 0 -22"><span class='ocrx_word' id='word_1_251' title='bbox 129 2551 211 2624; x_wconf 59' lang='grc' dir='ltr'><strong><em>ξαθθλ</em></strong></span> <span class='ocrx_word' id='word_1_252' title='bbox 231 2533 403 2609; x_wconf 78' lang='grc' dir='ltr'><strong><em>Βρόγγον,ὃ</em></strong></span> <span class='ocrx_word' id='word_1_253' title='bbox 425 2543 453 2597; x_wconf 78' lang='grc' dir='ltr'><strong><em>δέ</em></strong></span> <span class='ocrx_word' id='word_1_254' title='bbox 474 2540 629 2618; x_wconf 87' lang='grc' dir='ltr'><strong><em>Βρόγγος</em></strong></span> <span class='ocrx_word' id='word_1_255' title='bbox 615 2567 640 2609; x_wconf 85' lang='grc' dir='ltr'><strong><em>ες</em></strong></span> <span class='ocrx_word' id='word_1_256' title='bbox 657 2541 703 2605; x_wconf 84' lang='grc' dir='ltr'><strong><em>τόν</em></strong></span> <span class='ocrx_word' id='word_1_257' title='bbox 717 2541 828 2618; x_wconf 88' lang='grc' dir='ltr'><strong><em>Ἴστρον·</em></strong></span> <span class='ocrx_word' id='word_1_258' title='bbox 855 2541 929 2602; x_wconf 85' lang='grc' dir='ltr'><strong><em>σιἰτω</em></strong></span> 
     </span>
    </p>
   </div>
   <div class='ocr_carea' id='block_1_14' title="bbox 131 2579 1009 2704">
    <p class='ocr_par' dir='ltr' id='par_1_14' title="bbox 131 2579 1009 2704">
     <span class='ocr_line' id='line_1_31' title="bbox 131 2579 1009 2704; baseline 0.007 -24"><span class='ocrx_word' id='word_1_259' title='bbox 131 2605 288 2688; x_wconf 63' lang='grc' dir='ltr'><strong><em>αθφθῒὲρθυς</em></strong></span> <span class='ocrx_word' id='word_1_260' title='bbox 310 2615 400 2684; x_wconf 65' lang='grc' dir='ltr'><strong><em>ἐόντας</em></strong></span> <span class='ocrx_word' id='word_1_261' title='bbox 416 2621 575 2698; x_wconf 78' lang='grc' dir='ltr'><strong><em>μεγαλους</em></strong></span> <span class='ocrx_word' id='word_1_262' title='bbox 562 2649 577 2683; x_wconf 96' lang='grc' dir='ltr'><strong><em>ο</em></strong></span> <span class='ocrx_word' id='word_1_263' title='bbox 594 2622 694 2704; x_wconf 79' lang='grc' dir='ltr'><strong><em>’Ἴστρος</em></strong></span> <span class='ocrx_word' id='word_1_264' title='bbox 716 2627 820 2684; x_wconf 72' lang='grc' dir='ltr'><strong><em>δέκεται.</em></strong></span> <span class='ocrx_word' id='word_1_265' title='bbox 847 2631 874 2682; x_wconf 78' lang='grc' dir='ltr'><strong><em>ἐκ</em></strong></span> <span class='ocrx_word' id='word_1_266' title='bbox 898 2629 939 2685; x_wconf 62' lang='grc' dir='ltr'><strong><em>δὲ</em></strong></span> <span class='ocrx_word' id='word_1_267' title='bbox 1008 2579 1009 2646; x_wconf 47' lang='grc' dir='ltr'><strong><em>ί</em></strong></span> 
     </span>
    </p>
   </div>
   <div class='ocr_carea' id='block_1_15' title="bbox 0 0 1026 3040">
    <p class='ocr_par' dir='ltr' id='par_1_15' title="bbox 0 0 1026 3040">
     <span class='ocr_line' id='line_1_32' title="bbox 0 0 1026 3040; baseline 0 0"><span class='ocrx_word' id='word_1_268' title='bbox 0 0 1026 3040; x_wconf 95' lang='lat' dir='ltr'><strong><em> </em></strong></span> 
     </span>
    </p>
   </div>
  </div>
 </body>
</html>
