2014 3030
129 153 178 204 320
431 153 633 202 HERODOTI

129 259 185 320 πων
202 259 296 337 ἦμίρας
313 257 360 326 τας
382 251 559 336 συριτειμένας,
585 247 657 323 αὖτις
680 256 857 334 ἐπιλεξάμενος
879 263 939 320 τῶν
1000 239 1001 300 ί

130 343 301 417 Βαβυλωνίων
328 338 438 418 ἐξήραρε
464 343 509 399 καί
534 338 706 414 κατεφόνευσε
730 341 787 399 ιτῶν
814 349 938 444 Δαρείου
1000 363 1001 414 3

132 430 306 501 στρατιωτέων
323 423 384 490 τοὺς
402 427 541 497 διςχιλίους.
568 421 664 488 ἰδόντες
682 425 710 480 δέ
731 426 775 481 καί
789 425 881 484 τοῦτο
900 428 938 486 τὸ
1000 433 1001 476 ἒ

131 509 208 610 ε’ρρρν
221 532 247 566 οι
238 505 423 608 Βαβυλώνιοι
440 504 535 570 πάντες
549 503 674 614 Ζώπυρον
691 503 761 590 εἶχον
775 511 802 564 ίν
816 505 939 583 στόμασι
1000 553 1001 556 ¹

132 587 265 656 αλνέοντες.
294 581 399 648 666
365 612 437 654 αυτις
455 583 626 654 διαλιπὼν
596 611 643 654 τας
657 593 822 664 συγκειμένας
835 587 938 666 ἡμέρας
1000 599 1001 614 ³

131 671 175 743 ἐήξ
158 695 242 747 ηραρε
256 679 280 737 ἐς
293 670 324 730 τὸ
337 675 531 747 προειρημένον,
553 672 598 728 καί
610 669 803 771 κυκλωσάμενος
815 672 935 746 κατεφό-
1000 671 1001 716 Ῐ

132 775 206 812 νευσε
223 752 283 818 τοὺς
300 757 520 837 τετρακτσχιλιους.
549 751 583 818 ὥς
601 755 690 810 δὲκαὶ
707 777 784 812 τουτο
802 758 935 830 ιιατέρρα-
1000 755 1001 792 3

133 859 193 901 στο,
220 833 307 892 πάντα
326 833 390 905 66'
375 858 407 902 ην
428 842 497 892 τοῖσι
514 835 706 904 Βαβυλωνίοισι
726 833 882 909 Ζώπυρος,
888 839 939 894 και

132 913 294 993 στρατάρχης
307 938 334 972 τε
348 913 424 980 αὑτός
439 937 487 986 σφι
500 937 544 970 ιται
535 911 710 986 τειχοφύλαξ
724 912 906 982 ἀπεδέδεκτο.

193 1005 249 1058 158.
272 994 465 1096 Προσβολίρν
452 999 479 1053 δὲ
500 999 613 1072 Δαρείου
634 993 701 1052 κατὰ
721 995 756 1054 τὰ
777 1004 935 1072 σωριτειμενα
1000 1045 1001 1050 ,

132 1085 284 1156 ποιευμένου
297 1077 409 1157 πέριξ
383 1104 413 1137 το
426 1101 521 1152 τετχος,
543 1078 663 1178 ίνθαδτρτ
677 1076 708 1150 δὴ
721 1077 805 1136 πάντα
818 1077 864 1136 τὸν
879 1079 930 1138 δό-

131 1162 209 1222 λονς
196 1189 218 1222 υτ
230 1163 352 1250 Ζώπυρος
365 1167 486 1237 ἐξέφαινε.
515 1161 541 1219 οἳ
557 1165 603 1235 μέν
619 1159 671 1237 ρδρ
684 1159 873 1235 Βαβυλώνιοι
859 1185 932 1219 ανα-

132 1244 257 1318 βάντες’
245 1249 287 1306 επὶ
307 1244 338 1304 τὸ
359 1269 441 1318 τειχος
461 1242 587 1344 ἦμανοντο
609 1241 654 1314 τὴν
673 1249 785 1320 Δαρείου
807 1243 936 1320 στρατιὴν

131 1327 390 1404 προσβάλλουσαν,ι
378 1351 393 1384 ο
407 1331 433 1384 66
447 1325 570 1402 Ζωπωρος
587 1325 633 1390 τάς
646 1349 674 1384 τε
686 1331 801 1392 Κισσίας
815 1351 858 1384 ιιαι
850 1329 932 1398 Βη

131 1414 203 1475 λίδας
216 1415 368 1486 καλεομένας
386 1407 500 1474 πύλας
486 1406 665 1477 αναπετοίσας,
693 1410 766 1480 ἐσῆκε
783 1407 842 1475 τοὺς
855 1405 932 1487 Πέρ-

133 1516 183 1558 σας
200 1499 225 1557 ίς
241 1491 272 1550 τὸ
288 1498 377 1576 τεῖχος.
405 1491 456 1548 τῶν
474 1493 502 1549 δέ
519 1492 736 1564 Βαβυλωνίων
708 1516 733 1550 οι
749 1495 795 1567 μὲν
812 1491 928 1550 ειδυν
899 1517 934 1553 το
1000 1511 1001 1514 ’

132 1577 253 1643 ποιηθὲν,
273 1597 345 1632 ουτοι
358 1575 467 1678 έφευρον
480 1581 505 1638 ἐς
518 1595 564 1632 τοω
551 1571 642 1640 Διὸς
653 1598 701 1632 του
687 1573 839 1676 ΗΒίρλου
814 1599 844 1634 το
858 1573 934 1652 ιρόν

134 1681 159 1714 οι
148 1654 240 1712 ⁰66
212 1679 259 1713 οωιι
272 1653 384 1723 εἷδον,”
368 1679 456 1732 εμενον
470 1663 497 1714 εν
509 1656 541 1732 τῇ
555 1661 651 1716 έωυτσυ
638 1654 752 1722 τάξι“
735 1681 851 1725 ειταστος,
875 1665 901 1723 ές
916 1659 934 1716 ὃ

133 1735 165 1808 66
178 1739 222 1795 καί
236 1741 308 1797 οὑτοι
321 1740 426 1814 ἔμαθον
443 1741 633 1815 προδεδομένοι.
669 1739 803 1813 Βαβυλὼν
819 1744 866 1816 μέν
884 1764 935 1798 νυν

134 1818 202 1880 οὕτω
215 1845 246 1878 το
235 1817 379 1898 δεύτερον
392 1822 496 1897 αιρέθνρ.

191 1910 252 1976 159
276 1910 387 1982 Δαρεῖος
400 1907 427 1962 66
441 1907 496 1960 ἐπεί
507 1925 534 1962 τε
547 1902 670 1980 ἐκράτησε
687 1905 738 1962 τῶν
750 1905 934 1978 Βαβυλωνίων,

134 2011 211 2047 τουτο
224 1992 270 2064 μέν
284 2010 370 2062 σφεων
388 1985 418 2046 τὸ
434 1993 516 2058 τεῖχος
533 1993 653 2063 περιεῖλε
658 1987 702 2043 καί
719 1985 765 2052 τὰς
778 1985 861 2052 πίιλας
875 1985 933 2045 πά

135 2094 185 2137 σας
199 2069 349 2129 ἀπέσπασε·
371 2068 402 2128 τὸ
415 2067 472 2170 ρὰρ
489 2067 653 2147 πρότερον
632 2066 693 2127 έλών
705 2067 834 2145 Κῦρος
808 2093 855 2141 την
867 2080 930 2126 Βα-

135 2154 266 2226 βυλῶνα’
253 2157 359 2224 εποίησε
375 2151 473 2210 τούτων
487 2151 630 2228 οὐδέτερον
652 2151 728 2208 τοῦτο
747 2149 801 2208 δέ
788 2176 803 2210 ο
818 2159 933 2227 Δαρεῖος

134 2237 185 2294 τῶν
206 2235 306 2335 ἇνδρῶν
327 2233 387 2300 τοὺς
408 2238 564 2310 κορυφαίους
589 2231 703 2308 μάλιστα
725 2241 749 2299 ές
775 2239 933 2310 τρισχιλίους

136 2312 333 2386 ἀνεσκολόπισε,
354 2323 422 2376 τοῖσι
442 2319 468 2376 66
486 2322 599 2374 λοιποῖσι
612 2317 801 2390 Βαβυλωνίοισι
816 2315 934 2376 ἀπέδωκε
1000 2351 1001 2354 ¹

134 2397 180 2470 τὴν
193 2399 306 2458 πόλιν’
282 2423 375 2460 οιιιεειν
395 2397 467 2464 ὧςδ
483 2400 571 2464 ἕξουσι
584 2421 706 2475 ρυναικας
720 2396 932 2472 οῖΒαβυλτίνιοι,
1000 2419 1001 2474 fi

134 2482 177 2536 ι’να
187 2505 235 2554 σφι
247 2467 321 2556 ρενεὴ
334 2481 494 2558 ίιπορίνηται,
503 2479 565 2582 τάδε
575 2488 685 2582 Δαρειος
696 2479 838 2559 προϊδὼν’
825 2486 934 2554 εποίησε
1000 2495 1001 2498 ’

135 2560 192 2628 (τὰς
205 2561 257 2638 ρδρ
271 2565 377 2634 ἑωυτῶν,
389 2564 424 2629 ὥς
437 2566 480 2622 καί
493 2587 541 2621 κατ
569 2562 650 2640 ἇρρτίς
664 2561 833 2636 δεδήλωται,’
819 2568 931 2624 απέττνι-

135 2646 183 2704 ξαν
202 2646 227 2698 οῖ
242 2644 416 2716 Βαβυλώνιοι,
441 2647 487 2714 τοῦ
507 2651 581 2706 σίτου
599 2651 795 2724 προορέοντες)·
824 2650 933 2713 ἐπέταξε
