1960 2926
249 242 321 286 ωε.
343 240 394 286 ιε
424 241 501 286 εει)
523 223 668 288 ιε-ὲιε
805 243 853 294 213

47 345 125 406 ώστε
132 342 240 448 ἐκράτεε
252 345 283 420 τῇ
296 340 397 420 γνώμῃ
419 341 457 402 τό
468 343 521 420 γάρ
538 343 633 421 κράτος
650 341 700 418 εἶχε
713 371 757 418 της
772 373 852 426 στρα-

1 426 4 434 ’
47 430 109 529 τιίρς
125 452 201 495 ουτος
215 435 240 486 έκ
254 429 384 502 βασιλέος,
402 425 458 484 ἄλλ’
474 426 523 486 οὖν
533 426 646 504 Ἀρτάβα
648 434 696 496 ζος.
722 453 853 508 μεταπεμ-

47 510 194 618 ψάμενος
193 515 229 569 ών
246 508 308 576 τοὺς
324 509 480 610 ταξιάρχους
498 511 549 568 τών
566 515 656 568 τελέων
672 514 780 570 καὶτῶν
796 512 852 588 μετ’
865 557 867 566 .

1 591 3 596 ’
49 596 154 652 ἑωυτοῦ
168 592 260 652 ἐόντων
271 591 392 664 Ελλήνων
409 591 470 658 τοὺς
488 591 660 670 στρατηγοὺς,
683 592 777 671 εἰρώτα
795 602 855 654 εἴτι

1 723 6 755 :
50 678 146 734 εἰδεῖεν
163 675 252 752 λόγιον
272 679 331 752 περὶ
348 681 472 752 Περσέων
493 675 527 742 ώς
544 678 753 752 διαφθαρέονται
775 684 802 735 ἐν
822 679 854 754 τῇ

45 757 161 817 Ἑλλάδι.
188 756 318 835 σιγώντων
336 761 364 816 δέ
380 760 432 816 τῶν
445 757 589 830 ἐπικλήτων,
603 759 655 816 τών
667 764 713 834 μέν
727 757 774 817 οίικ
786 759 853 818 εἰδό-

1 842 11 898 “Ϊ
49 863 106 900 των
119 839 180 907 τοὺς
191 839 335 918 χρησμοὺς,
356 841 408 900 τών
421 845 448 898 δέ
460 839 565 900 εἰδότων
576 847 634 916 μέν,
658 848 685 899 έν
699 840 771 919 ἇδείγγ
786 845 814 902 δέ
825 839 857 900 οὗ

49 927 213 998 ποιευμένων
231 923 262 982 τὸ
283 929 375 1000 λέγειν,
403 922 481 990 αέιτός
504 923 658 1000 Μαρδόνιος
680 926 760 1001 ἔλεγε
786 921 857 982 Επει

50 1010 142 1064 τοινυν
154 1029 224 1090 υμεις
238 1005 255 1076 ἡ
268 1011 324 1064 ἴστέ
338 1004 482 1078 οαδένὴ
455 1031 486 1064 ου
499 1007 607 1082 τολματε
618 1011 711 1082 λεγειν,
735 1004 789 1064 ἄλλ’
804 1005 855 1082 ἐγώ

4 1101 7 1108 '
51 1093 96 1166 έρέ
95 1111 116 1145 ω
137 1085 172 1154 ὦς
192 1089 222 1145 εὐ
244 1087 431 1194 ἐπιστάμενος.Ι
455 1091 510 1147 ἔστι
529 1088 658 1165 λόγιον
639 1113 673 1155 ως
692 1087 778 1165 χρεών
800 1095 855 1148 ἐστι

52 1175 165 1276 Πέρσας
179 1168 347 1245 ἀπικομένους
363 1177 388 1236 ές
405 1169 464 1246 τὴν
461 1169 568 1229 Ἐλλάδα
587 1169 778 1247 διαρπάσαι
751 1195 782 1230 το
798 1171 855 1248 ίρόν

10 1321 12 1328 ¹
51 1252 86 1312 τὸ
99 1259 126 1312 έν
135 1258 267 1327 Δελφοῖσι,
275 1277 340 1328 μετα
332 1251 422 1310 ’δέ
396 1277 442 1325 την
456 1251 604 1362 διαρπαγὴν
614 1253 771 1313 ἀπολέσθαι
784 1253 853 1312 πάν-

51 1359 111 1402 τας.
138 1334 209 1410 ἡμεῖς
222 1339 308 1394 τοίνυν
322 1332 386 1394 αὐτὸ
401 1337 479 1396 τοῦτο
492 1335 657 1412 ἐπιστάμενοι
670 1335 729 1397 οέίτε
743 1343 798 1416 ἴμεν
812 1340 855 1395 ἐπὶ

8 1491 10 1496 Ι
52 1418 86 1480 τὸ
102 1416 158 1523 ἱρόν
170 1417 261 1486 τοῧτο,
286 1415 344 1477 οάτε
361 1419 555 1520 έπιχειρὴσρμεν
574 1418 745 1526 διαρπάζειν,
758 1419 854 1520 ταάτης

8 1497 11 1506 ’
51 1525 83 1560 τε
98 1503 179 1558 είνειια
192 1501 237 1572 τῆς
252 1501 332 1574 αἰτίης
347 1499 392 1561 οιίιι
406 1501 585 1579 ἀπολεόμεθα.
612 1502 680 1562 ώστε
697 1502 779 1578 δμέιτν
793 1502 854 1562 ὅσοι

5 1590 11 1604 ”
52 1580 212 1660 τυγχάνουσι
224 1579 309 1642 εόνοοι
322 1583 404 1652 ἐόντες
417 1591 551 1662 Πέρσῃσι,
567 1585 669 1659 ἡδεσθε
681 1587 794 1664 τοάδε“’
769 1609 859 1646 εινειια.

1 1665 3 1688 ’
52 1666 91 1732 ώς
113 1671 306 1744 περιεσομένους
325 1666 404 1742 ἡμέας
423 1668 552 1741 Ἑλλήνων.
598 1669 687 1729 Ταῦτά
709 1693 758 1744 σφι
777 1675 853 1734 εἴπας

4 1764 9 1794 s
54 1747 162 1826 δεύτερα
180 1747 289 1823 έσὴμηνε
306 1757 509 1830 ποραρτέεσθτύ
525 1777 552 1812 τε
570 1751 659 1810 πάντα
677 1755 721 1810 καὶ
737 1751 854 1828 εὐκρινέα

1 1834 4 1876 ³,
53 1832 228 1892 ποιέεσθαι
210 1856 245 1898 ως
259 1831 313 1909 ἅμα
326 1833 408 1910 ἡμέρη
419 1836 450 1911 τῇ
465 1834 575 1912 ἐπιοάση
587 1836 737 1944 συμβρλὴς’
724 1839 852 1908 εσομένης.

119 1937 159 1987 δ3.
183 1931 282 1992 Τουταν
299 1929 356 1986 δ”’
342 1955 421 2031 εγυγρ
438 1931 485 1984 τὸν
500 1930 621 2002 χρησμὸν
638 1923 684 1984 τόν
697 1927 853 2006 Μαρδόνιος

53 2009 112 2074 εἰπε
124 2018 147 2077 ές
160 2016 268 2102 Πέρσας
282 2011 358 2082 ἔχειν,
377 2015 401 2073 ές
410 2005 548 2084 Ἰλλυριούς
564 2033 592 2066 τε
605 2008 688 2066 καί
661 2031 708 2068 τον
718 2008 853 2087 Ἐγγέλεων

55 2092 169 2172 στρατόν
187 2091 247 2152 οἶδα
264 2095 447 2192 πεποιημένον,
469 2091 524 2148 αλλ’
541 2089 589 2150 οίιιι
606 2099 631 2158 ές
645 2096 759 2198 Πέρσας.
788 2093 853 2152 ἀλλὰ

1 2180 6 2195 ’
52 2178 90 2239 τά
103 2182 146 2254 μέν
158 2174 278 2235 Βάκιδι’
265 2199 290 2241 ες
303 2171 399 2245 ταάτην
411 2172 458 2248 τὴν
468 2173 554 2250 μάχην
565 2180 734 2252 πεποιημένα,

118 2273 202 2362 τὴνδ’
215 2275 259 2326 ἐπὶ
272 2271 438 2358 Θερμώδοντι
449 2296 492 2326 και
485 2273 607 2326 Ἀσωπιι
616 2273 739 2360 λεχεποίῃ

118 2341 245 2410 Ἑλλήνων
254 2341 363 2393 σύνοδον
373 2362 416 2392 ναι
409 2327 664 2426 βαρβαρόοιινον’”
644 2341 728 2408 ου’γην,

123 2430 152 2482 τη
141 2411 259 2462 πολλοὶ
270 2411 408 2462 πεσέονται
401 2411 482 2492 ὑπὲρ
492 2410 606 2476 Λάχεσίν
616 2429 643 2461 τε
652 2409 735 2477 μόρον
743 2426 772 2459 τε

122 2464 414 2548 τόξοφάρωνΜὴδυιν,”
399 2498 462 2530 οταν
472 2480 575 2580 οιίσιρον
586 2496 701 2546 ημαριτ
668 2478 701 2528 En
703 2479 778 2547 έλθη,

53 2563 137 2627 ταῦτα
161 2568 208 2640 μέν
232 2565 277 2622 καὶ
297 2561 470 2640 παραπλήσια
491 2561 607 2622 τοάτοισι
629 2561 694 2622 άλλα
716 2566 849 2637 Μουσαίῳ

55 2653 144 2725 ἒγοντα
162 2644 222 2708 οἶδα
240 2652 265 2713 ές
278 2651 394 2724 Πέρσας.
423 2645 437 2704 ό
456 2649 493 2704 δί’
506 2645 647 2724 Θερμώδων
663 2644 781 2724 ποταμὸς
799 2619 849 2724 ρ’έέι

57 2728 148 2810 μεταξὺ
166 2727 302 2810 Τανάγρης
315 2746 343 2790 τε
356 2732 400 2790 καὶ
414 2733 562 2796 Γλίσαντος.
