1996 2922
244 198 315 244 ιιιι.
337 198 401 246 νει.
421 189 510 247 ὀε-ε.
531 195 636 247 121-
648 199 705 252 126.
836 203 870 255 69

61 302 180 378 ναυτικῷ
195 303 298 408 στρατῷ
311 328 328 362 ο
317 301 421 370 ’πλόος
434 307 478 363 καὶ
490 305 540 382 μήν
553 304 600 378 τήν
602 312 773 385 Μυγδονίην,
787 307 870 371 πλέων

62 384 126 444 δέ
111 389 246 444 απίκετο”
230 409 255 452 ες
268 407 296 444 τε
308 385 355 458 τήν
367 393 551 494 προειρημένην
567 394 667 467 Θέρμην
678 417 722 451 και
713 393 830 452 Σινίόν
843 419 871 454 τε

64 467 147 528 πόλιν
158 493 203 527 και
194 471 395 546 Χαλέστρην’
382 473 424 529 666
436 469 483 530 τὸν
491 469 576 538 Ἀξιὸν
589 474 718 550 ποταμὸν,
736 475 765 542 ὃς
779 475 871 554 οίιρίζει

63 547 156 629 χώρην
168 551 215 623 τήν
228 555 381 626 Μυγδονίην
392 575 420 612 τε
433 577 477 612 και
469 555 707 625 Βοττιαιίδα,
677 581 722 630 της
740 561 829 632 έχουσι
839 559 870 620 τὸ

66 633 145 711 παρὰ
167 630 316 694 θάλασσαν
343 634 443 694 στεινὸν
466 643 563 714 χωρίον
583 637 657 751 πόλις
676 638 757 714 Ιχναι
778 665 806 700 τε
828 644 872 701 καί

32 784 37 792 .
67 721 166 776 Πέλλα.

134 807 191 858 121.
210 798 297 876 Ομίν
310 800 341 873 66
357 801 477 868 ναυτικὸς
495 803 607 880 στρατὸς
622 795 703 864 αὗτοέι
716 829 776 907 περι
768 795 870 874 Αξίὸι

67 881 191 990 πριαμὸν
208 907 251 942 και
243 883 344 943 πάλιν
364 889 465 961 Θέρμην
481 889 526 943 καὶ
544 884 590 952 τάς
606 887 702 962 μεταξίι
720 887 795 954 πόλις
807 915 869 949 τοο-

67 971 134 1024 τέων
155 971 295 1042 περιμένων
317 968 427 1040 βασιλέα
450 968 697 1074 ἐστρατοπεδεύετο,
725 975 820 1048 Ξέρξης
842 976 870 1072 66

68 1052 115 1107 καί
136 1047 151 1107 6
173 1047 249 1118 πεζὸς
271 1047 383 1127 στρατὸς
404 1049 541 1126 έπορεάετο
564 1057 591 1108 ἐκ
614 1051 657 1123 τῆς
672 1051 849 1154 'Au6v6606'
822 1079 870 1127 την

67 1129 217 1216 μεσάμαιαν
229 1131 332 1209 τάμνων
344 1133 390 1204 τῆς
403 1131 478 1201 6666,
502 1131 655 1209 βουλόμενος
668 1141 693 1200 ἐς
705 1133 752 1206 τήν
768 1142 869 1214 Θέρμην

70 1209 223 1274 ἀπικέσθαι.
250 1213 387 1292 ἐπορεύετο
405 1218 433 1274 δέ
451 1213 542 1274 διά
512 1239 557 1288 της
573 1218 714 1288 Παιονικῆς
732 1221 776 1276 καί
792 1231 866 1296 Κρη-

69 1299 192 1370 στωνικής
210 1300 252 1356 έπλ
269 1297 390 1398 ποταμὸν
399 1295 600 1376 Ἐηείιλωρον,ι
584 1323 614 1366 ος
631 1305 657 1356 ἐκ
657 1308 868 1405 Κρηστωναίων

69 1379 212 1458 ἀρξάμενος
230 1386 281 1459 ῥέει
296 1379 340 1439 διὰ
353 1379 558 1457 6166669'
519 1405 605 1461 χωρης
622 1407 666 1440 και
657 1384 736 1449 έξίει
749 1384 823 1462 παρὰ
837 1385 867 1445 τὸ

67 1462 168 1530 έλαςτὸ
182 1461 265 1524 ἐπΑ
239 1465 310 1541 Αξιω
323 1465 466 1547 ποταμῷ

131 1555 187 1606 125.
209 1553 381 1650 Πρρευομένῳ
399 1550 426 1605 66
443 1539 526 1624 ταήτη
544 1549 685 1615 λέοντές
659 1573 685 1608 οι
703 1548 867 1622 ἐπεθήκαντο

67 1630 130 1706 τῇσι
152 1629 316 1733 σιτοφόροισι
337 1628 491 1708 καμήλοισι
525 1637 736 1706 καταφοιτέοντες
762 1631 815 1711 γάρ
842 1638 869 1694 66

68 1718 165 1779 λέοντες
182 1712 229 1780 τὰς
247 1713 340 1780 νάκτας
358 1739 402 1772 και
394 1713 586 1815 λείποντες
557 1741 591 1774 τα
606 1720 718 1794 σφέτερα
731 1713 805 1788 ήθεα
820 1714 866 1774 άλ-

68 1803 115 1856 λου
127 1800 173 1872 μὲν
189 1795 328 1864 666666⁰
310 1821 425 1856 απτοντο
445 1795 504 1856 οίίτε
520 1797 712 1898 μποζυμίρυ”
680 1823 739 1857 ουτε
757 1799 866 1900 άνθριά

67 1904 129 1938 που
148 1903 174 1938 αι
165 1879 269 1937 ’δέ
239 1904 287 1947 τας
293 1879 448 1984 καμήλους
455 1879 582 1958 ἐκεράιζον
598 1879 704 1956 μείνας.
733 1881 867 1956 θαυμάζω

68 1961 140 2022 66
114 1985 145 2020 το
164 1968 258 2032 αἴτιον,
282 1961 297 2022 6
315 1987 339 2022 τι
356 1967 415 2022 κοτέ
431 1965 475 2036 ἦν,
501 1963 552 2020 τῶν
570 1961 697 2020 σίλλων
670 1987 701 2022 το
721 1962 868 2040 ἀναγκάζον

68 2045 243 2121 ἀπεχομένους
260 2045 321 2113 τοίις
338 2053 442 2112 λέοντας
459 2045 521 2122 τῇσι
533 2045 679 2146 καμήλοισι
684 2051 866 2116 ἐπιτίθεσθαι,

66 2127 98 2188 τὸ
108 2126 177 2203 μήτε
194 2128 322 2206 πρότερον
340 2129 484 2188 ὀπώπεσαν
505 2133 603 2204 θηρίον
619 2125 679 2203 μήτ
700 2134 865 2206 ἐπεπειρέατο

67 2209 156 2270 αιἰτοίι.

129 2303 185 2354 126.
205 2295 265 2353 Εισί
279 2297 307 2352 δέ
319 2291 387 2353 κατὰ
398 2293 482 2397 66666
495 2293 528 2354 τά
539 2299 623 2370 χωρία
635 2319 678 2353 και
670 2298 788 2362 λέοντες
798 2303 868 2354 πολ·
923 2329 927 2338 =

66 2379 107 2436 λοί
120 2401 163 2434 και
155 2375 268 2452 666⁸
250 2401 347 2455 αμριοι,
365 2378 416 2436 τῶν
429 2377 467 2440 τά
476 2381 551 2456 κέρεα
563 2377 779 2456 έπερμεμάθεά’
766 2403 820 2437 εστι
830 2378 865 2438 τά

67 2469 93 2526 ἐς
100 2459 219 2532 ’Έλληνας
236 2466 380 2534 φοιτέοντα
410 2449 488 2538 οίιρος
506 2465 535 2520 δέ
551 2467 621 2520 τοῖσι
637 2467 754 2564 666666'
740 2485 795 2520 εστι
809 2460 824 2521 6
837 2486 865 2521 τε
907 2533 913 2550 ἱ

68 2541 146 2602 δι”Λ
120 2543 246 2622 Αβιλήρων
263 2549 326 2622 ῥέειν
342 2541 462 2620 ποταμὸς
478 2549 581 2610 Νεοτος
596 2547 641 2603 καί
658 2571 674 2646 6
663 2543 726 2603 (λι
736 2543 863 2622 Ἀκαρνα-

67 2629 121 2699 νίης
134 2631 196 2705 ῥέων
205 2626 333 2702 Ἀχελῷος.
362 2623 421 2686 οίίτε
437 2625 490 2704 γάρ
508 2627 539 2686 τὸ
557 2627 624 2703 πρὸς
637 2627 683 2700 τήν
693 2627 731 2701 66
745 2631 792 2688 τοῦ
808 2634 861 2687 Νέ-

69 2733 133 2770 στου
146 2709 281 2788 σεἰίαμόθι
298 2708 387 2783 πάσης
396 2712 448 2782 ’τῆς
464 2713 603 2787 ἔμπροσθε
616 2710 743 2790 ίλῦράπης
761 2715 813 2770 ίλλοι
826 2735 863 2776 τις
