1996 2922
232 156 304 204 LIB.
325 155 389 204 Vll.
418 155 498 204 cAP.
518 151 567 204 135
579 181 620 192 --
632 153 690 206 138.
807 157 839 209 65
878 229 882 248 Ι

9 303 10 338 3
44 259 97 338 γὰρ
109 263 215 336 συγχέαι
226 257 259 317 τόι
273 258 377 318 πάντων
390 243 541 337 ἀνθράπων
553 259 656 339 νόμιμα,
672 260 838 322 ἀποκτείναν-

9 373 11 400 ι
45 367 93 408 τας
104 339 221 418 κήρυκας,
236 340 314 408 αάτὸς
328 345 355 400 ὖέ
368 341 402 400 τὰ
414 348 519 402 κείνοισι
532 345 696 417 ἐπιπλήσσει,
711 347 795 404 ταίιτα
808 345 841 406 οά

9 459 10 482 ι
44 423 173 497 ποιήσειν,
193 422 248 484 οὐδ’
266 421 464 492 ἀνταποκτείνας
477 431 585 494 ἐκείνους
599 426 739 488 ἀπολύσειν
749 436 837 487 Λακε-

9 545 10 552 1
45 510 190 582 δαιμονίους
202 507 248 578 τής
262 508 349 579 αἰτίης.

105 587 288 661 13201‘51026
277 587 504 666 Ταλθυβίου
469 613 542 692 μηνις
555 595 600 650 καί
611 594 695 650 ταῦτα
708 591 836 666 ποιησόν-

44 695 95 729 των
106 677 313 748 Σπαρτιητέοιν’
300 671 435 733 επαύσατο
449 673 479 732 τὸ
493 679 650 750 παραυτίκα,
663 678 768 754 καίπερ
768 673 836 734 ἀπο-

43 751 226 825 νοστησάντων
251 761 275 819 ἐς
297 752 421 831 Σπάρτην
443 755 583 833 Σπερθίεώ
604 781 632 816 τε
649 759 697 815 καί
718 755 837 823 Βούλιος.

42 834 127 914 χρόνῳ
146 837 173 892 δέ
188 840 323 911 μετέπειτα
339 839 425 914 πολλή
448 843 582 916 ἐπηγέρθη
604 837 672 898 κατὰ
688 837 735 898 τὸν
751 845 836 898 Πελο-

43 921 188 989 ποννησίων
200 941 244 974 και
236 916 397 989 Αθηναιων
411 918 564 996 πόλεμον,
545 945 579 987 ως
592 927 696 999 λέγουσι
705 924 835 979 Λακεδαι-

35 999 135 1078 μόνιοι
163 997 240 1058 τοῖιτό
261 1023 307 1074 μοι
328 1007 354 1058 έν
375 1008 444 1059 τοῖσι
466 1001 609 1060 θειότατον
631 1008 749 1078 φαίνεται
766 1008 835 1079 νενέ-

45 1090 123 1142 σθαι.
147 1079 186 1139 ότι
198 1081 308 1160 μὲνγὰρ
321 1088 465 1159 κατέσκηψε
479 1091 504 1148 ἐς
517 1081 667 1158 ἀγγέλους
653 1111 669 1156 η
686 1087 838 1158 Ταλθυβίου

42 1167 115 1242 μήνις
132 1161 191 1224 οάὄέ
209 1161 344 1222 έπαόσατο
361 1167 421 1241 πρὶν
438 1163 456 1238 6
477 1166 583 1237 ε’ξήλθε,
605 1165 636 1224 τό
655 1170 753 1225 δίκαιον
771 1165 838 1225 οὕτω

42 1252 131 1324 ἔφερε
157 1244 188 1305 τὸ
211 1249 238 1308 δέ
260 1254 401 1322 συμπεσεῖν
423 1254 447 1314 ές
468 1246 529 1314 τοίις
549 1251 646 1315 παῖδας
668 1250 719 1307 ’τῶν
737 1247 837 1325 ἀνδρῶν

41 1329 141 1389 τούτων
153 1328 204 1388 τάν
218 1327 369 1404 ἀναβάντων
382 1329 448 1406 πρὸς
462 1332 569 1404 βασιλέα
582 1328 668 1388 ὅπλ’
642 1354 689 1404 την
704 1331 790 1431 μήνιν,
813 1337 837 1396 ες

44 1411 161 1472 Νικόλαν
178 1435 206 1469 τε
223 1409 269 1470 τόν
286 1411 397 1478 Βούλιος
417 1415 461 1470 καί
479 1419 503 1478 ές
515 1410 665 1490 Ἀνήοιστον
676 1411 731 1473 τόν
749 1424 835 1490 Σπερ-

40 1493 150 1564 θίεω,
135 1519 163 1560 ος
176 1489 224 1552 εἷλε
233 1493 329 1560 Ἁλιέας
339 1492 400 1560 τοὺς
413 1501 439 1553 ἐκ
442 1500 584 1579 Τιρυνθος
598 1494 685 1554 ὃλκοίόι
698 1493 835 1554 κατακλω-

41 1601 93 1644 σας
105 1575 197 1654 πλήρεϊ
208 1575 320 1654 ἀνδρῶν,
341 1578 454 1649 δήλου
434 1600 470 1635 ων
486 1601 532 1653 μοι
550 1575 590 1636 ότι
602 1585 707 1638 θεῖον’
694 1583 792 1654 ιγένετο
805 1575 836 1636 τό

37 1661 148 1738 πρῆγμα
165 1666 192 1718 έκ
208 1661 253 1733 τῆς
271 1658 367 1735 μήνιος
392 1662 422 1721 οἱ
440 1659 492 1736 γὰρ
506 1659 696 1736 πεμφθέντες“
682 1659 734 1722 υπὸ
748 1669 834 1720 Λακε-

38 1747 180 1818 δαιμονίων
197 1740 302 1818 ἀγγελοι
320 1749 345 1808 ἐς
361 1741 408 1814 τήν
422 1741 521 1815 Ἀσίην,
542 1747 720 1820 προδοθέντες
739 1745 766 1802 δέ
783 1739 837 1801 ἀπὸ

38 1824 169 1885 Σιτάλκεω
187 1827 234 1884 τοῦ
255 1823 341 1900 Ῥήοεω
359 1827 474 1902 Θρηίκων
491 1827 609 1900 βασιλεος
626 1851 670 1884 και
661 1823 837 1901 Νυμφοιλιό·

37 1933 88 1987 μου
105 1932 154 1966 του
140 1906 269 1966 Πόθεω
289 1905 382 1983 ἀνδρὸς
395 1905 610 1985 Ἀβδηρίτεω,“λ
580 1933 596 1980 η
612 1931 685 1966 ωσαν
702 1903 770 1964 κατὰ
787 1915 836 1963 Βι-

37 1989 195 2063 σάνθην
170 2013 215 2062 την
236 1997 263 2048 έν
281 1988 469 2064 Ἑλλησπόντῳ,
496 1993 541 2048 και
564 1989 728 2063 ἀπαχθέντες
750 1993 778 2052 ἐς
792 1985 839 2058 τήν

31 2072 151 2144 Ἀττικήν
165 2071 335 2144 ἀπέθανον
321 2071 373 2130 υπὸ
383 2070 545 2143 Ἀθηναίων,
565 2071 630 2148 μετὰ
648 2075 675 2130 δέ
694 2068 778 2128 αάτάν
794 2069 848 2125 καίι

31 2154 170 2232 ’Ληιστέας
184 2181 199 2214 ο
189 2153 373 2230 ’Ἀδειμάντου
386 2152 562 2231 Κορίνθιος
548 2153 619 2230 ανήρ.
642 2175 725 2210 ταυτα
738 2155 784 2226 μέν
794 2172 838 2208 νυν

35 2239 190 2298 πολλοισι”
174 2261 241 2296 ετεσι
252 2235 362 2314 ὕστερον
376 2241 472 2313 ἐγενετο
486 2261 533 2294 του
520 2237 664 2310 βασιλέος
678 2231 779 2292 στόλου.

102 2327 163 2377 138.
181 2318 312 2394 Επιίνειμι
332 2321 394 2377 δέ’
381 2321 423 2376 επὶ
442 2316 489 2377 τὸν
512 2316 639 2394 πρότερον
660 2313 746 2392 λόγον
771 2311 788 2385 6
812 2315 839 2371 δέ

36 2401 251 2504 στρατηλμσίη
236 2428 252 2474 η
271 2397 438 2477 βασιλέος”
406 2423 506 2476 οινομα
521 2405 567 2476 μέν
584 2397 635 2472 εἶχε
649 2396 712 2464 ὦς’
699 2419 731 2456 επ
733 2391 837 2466 ’Ἀθή-

35 2507 87 2550 νας
101 2483 212 2554 έλαόνει,
234 2489 334 2543 κατίετο
353 2487 387 2541 δέ
393 2489 417 2548 ἐς
430 2485 521 2550 πᾶσαν
532 2481 578 2555 τήν
588 2479 703 2540 Ἑλλάδα
729 2484 837 2538 πυνθα·

35 2561 148 2644 νόμενοι
165 2569 193 2626 δέ
209 2567 293 2625 ταότα
310 2564 363 2643 πρὸ
381 2566 478 2624 πολλοῦ
498 2561 690 2638 οί’“Ἐλληνες’
662 2587 707 2622 ουκ
719 2568 746 2621 ίν
759 2559 840 2639 ὁμοίῳ

35 2649 140 2716 πάντες
154 2651 293 2709 ἐποιεῦντο.
322 2651 348 2709 οἱ
365 2652 411 2726 μέν
427 2646 480 2726 γὰρ
499 2645 584 2707 αάτῶν
597 2644 683 2714 δόντες
695 2645 744 2723 μήν
756 2668 784 2704 τε
796 2645 841 2702 καί

71 2738 195 2784 Hnsson.
213 2737 259 2785 ΙΙΙ.
612 2733 642 2780 E
