1950 2924
213 208 285 256 111ss.
307 207 358 254 IX.
388 205 468 256 cAP.
489 205 522 257 51
534 233 576 244 -
590 202 631 258 55.
777 210 827 262 219

20 316 191 383 Παυσανίης
211 310 275 370 δέ
261 317 342 390 ορέων
363 317 446 387 σφέας
467 311 716 392 ἀπαλλασσομένους
736 322 764 375 ἐκ
782 319 830 378 τοῦ

22 397 214 471 στρατοπέδου
244 394 421 499 παρήγγελλε
435 397 480 454 καὶ
506 403 576 456 τοῖσι
601 401 831 476 Λακεδαιμονίοισι

22 475 215 552 ἀναλαβόντας
240 476 275 536 τά
302 477 408 536 όπλα’
398 481 463 537 κέναι
487 478 555 537 κατά
575 477 636 546 τοός
658 479 750 548 ἀλλους
770 481 831 549 τοὺς

22 559 189 637 προϊόντας,
211 553 321 638 νομίσας
335 559 429 627 αάτοός
442 559 505 627 ἐς
480 585 526 620 τον
541 564 629 662 χιόρρν
645 563 722 632 ἰέναι,
744 569 769 632 ἐς
785 564 831 626 τὸν

24 640 225 714 συνεθήκαντο
252 643 418 702 ἐνθαῦτα
392 669 418 704 οι
438 648 484 719 μὲν
502 641 611 704 ἀλλοι”
592 670 677 722 αρτιοι
693 637 764 719 ήσαν
780 647 832 708 τῶν

23 729 192 798 ταξιαρχέων
212 729 365 786 πείθεσθαι
381 729 538 804 Παυσανίη,
555 726 753 806 Ἀμομφάρετος
771 729 830 789 δὲ
816 757 831 792 ο

23 805 179 876 Πολιάδεω,
190 813 319 884 λοχηχέων
331 833 379 868 του
365 808 536 884 Πιτανητέω
549 809 679 884 λόχου,
651 835 697 871 ουκ
710 813 758 886 ἔφη
771 811 832 880 τοὺς

24 893 128 956 ξείνους
140 889 290 965 φεύξεσθαι
303 889 389 952 ουδὲ*
375 890 437 952 εκόιν
450 891 515 951 εἶναι
528 895 670 967 αἰσχυνέειν
682 891 829 972 τήνΣπάρ·

23 995 88 1043 την,
111 971 251 1048 έθωυμαζέ
262 997 290 1032 τε
302 973 381 1051 ὁρέων
394 973 424 1034 τὸ
437 973 590 1051 ποιεόμενον
605 973 650 1034 ἀτε
664 975 696 1036 οδ
709 999 829 1054 παραχε-

5 1052 137 1154 Ινόμενος
153 1058 189 1132 τῷ
207 1061 324 1160 προτέριρ
339 1055 416 1164 λόχῳ.
445 1083 459 1117 ο
449 1055 506 1116 δέ
522 1061 678 1130 Παυσανίης
700 1081 728 1116 τε
748 1061 793 1118 καὶ
815 1058 831 1120 ὅ

5 1159 7 1182 1
25 1134 172 1212 Εὐρυάναξ
190 1136 273 1198 δεινὸν
289 1144 336 1216 μέν
353 1140 484 1199 ἐποιεῦντο
501 1137 532 1199 τὸ
550 1163 585 1216 μη
574 1136 778 1202 πείθεσθαι’
765 1147 828 1202 εκεῖ-

5 1216 76 1280 ;νόν
97 1243 186 1295 σφισι,
212 1218 357 1299 δεινότερον
377 1224 442 1281 δέ”
426 1245 462 1281 ετι
482 1225 566 1281 κείνου
588 1246 672 1281 ταυτα
689 1229 842 1300 νενωμένου,

5 1325 6 1334 ’
28 1299 211 1362 ἀπολιπεῖν
184 1327 231 1364 τον
248 1301 370 1378 λόχον
343 1327 390 1364 τον
402 1302 563 1376 Πιτανητην,
585 1303 620 1381 μή
635 1303 667 1378 ήν
680 1303 829 1367 ἀπολίπωσι

5 1407 6 1414 ’
27 1385 160 1454 ποιεῦντες
173 1385 207 1446 τά
221 1384 402 1459 συνεθήκαντο
414 1394 483 1446 τοῖσι
496 1384 597 1447 ἀλλοιοι
604 1387 713 1460 Ελλησι,
727 1386 828 1462 ἀπόλη-

27 1490 75 1524 ται
87 1464 304 1542 υπολειφθείς”
272 1467 351 1536 αυτός
363 1493 392 1530 τε
400 1467 596 1575 Αμρμφάρετος
608 1474 652 1530 καί
666 1473 692 1531 ολ
703 1469 760 1548 μετ’
777 1497 825 1533 αυ-

19 1571 87 1608 του.
119 1551 210 1612 Ταυτοι
222 1551 409 1630 λογιζόμενοι
394 1557 506 1632 ατρέμας
520 1549 632 1627 εἴχοντο
647 1551 827 1634 στρατόπεδον

28 1629 227 1704 τὸΛακωνικόν,
239 1635 284 1694 και
296 1635 433 1713 ἕπειρωντο
446 1641 584 1705 πείθοντές
596 1660 640 1714 μιν
653 1637 688 1706 ὥς
700 1663 732 1714 ου
741 1635 827 1715 χρεόν
874 1679 876 1684 =

29 1719 70 1786 ειή
83 1739 165 1774 ταυτα
177 1721 280 1776 ποιέειν.
319 1721 417 1777 Καλ“
391 1744 416 1776 οι
428 1725 475 1793 μέν
486 1719 651 1799 παρηγόρεον
660 1719 824 1799 Ἀμομφάρε-

29 1821 78 1856 τον
94 1799 189 1874 μουνον
205 1800 418 1876 Λακεδαιμονίων
434 1806 520 1860 τεκαὶ
540 1809 683 1878 Ἱεριηιίων
699 1805 825 1882 λελειμμέ-

29 1901 89 1940 νον
107 1879 244 1954 Ἀθηναῖοι
257 1885 310 1942 δὲέ
298 1885 399 1942 ἐποίευν
411 1879 505 1944 τοιάδε

95 1970 135 2024 55.
159 1963 239 2037 Ειχον
256 1963 368 2041 ἀτρέμας
386 1969 469 2038 σφέας
486 1963 582 2030 αάτοίις
599 1965 644 2022 ινα
662 1961 825 2037 ἐτάχθησαν,

32 2045 194 2147 ἐπιστάμενοι
217 2045 253 2106 τά
278 2049 491 2122 Λακεδαιμονίων
516 2043 672 2124 φρονήματα
698 2045 733 2112 ὥς
760 2044 825 2107 ἀλλα

31 2127 190 2206 φρονεόντων
201 2154 245 2188 και
237 2125 324 2188 ἀλλα
337 2129 505 2207 λιχόντων.ς
486 2155 546 2232 ως
535 2133 562 2189 δὲ
576 2125 723 2202 ἐκινήθη
696 2152 727 2188 το
742 2153 822 2206 στρα·

31 2211 186 2282 τόπεδον,’
169 2211 284 2290 επεμπόν
297 2236 384 2318 σφεων
398 2215 479 2272 ίππέα
494 2208 637 2320 ὀψόμενόν
637 2235 665 2270 τε
679 2211 701 2270 εί
713 2209 822 2312 πορεήε-

34 2302 132 2355 σθαι’
120 2301 279 2374 επιχειρέοιεν
297 2321 322 2354 οι
314 2294 509 2374 “Σπαρτιήται,
532 2303 581 2354 εἴτε
593 2296 637 2354 καί
649 2292 680 2354 τό
694 2292 824 2371 παράπαν

32 2403 69 2455 μη
60 2377 237 2439 διανοεῦνται
250 2377 484 2450 ἀπαλλάσσεσθαι,
498 2381 654 2458 ἐπείρεσθαί
665 2401 694 2438 τε
704 2389 821 2440 Παυσα-

31 2459 121 2534 νίην
98 2486 125 2520 το
136 2458 217 2540 χρεόν
230 2467 268 2535 εἴη
281 2466 382 2522 ποιέειν.

94 2551 130 2604 55.
147 2544 194 2612 Ὡς
208 2543 263 2605 δέ’
249 2549 354 2605 απίκετο
369 2571 384 2604 ο
373 2541 505 2622 ’κήρυξ’
490 2568 514 2610 ες
528 2567 588 2610 τους
594 2546 823 2622 Λακεδαιμονιους,

33 2626 89 2706 ὥρα
104 2633 130 2688 τί
146 2651 227 2702 σφεας
249 2625 317 2687 κατὰ
336 2627 424 2706 χώρην
444 2632 612 2705 τεταγμένους
634 2630 678 2686 καί
698 2635 723 2694 ἐς
740 2630 824 2688 νείκεα

35 2711 181 2790 ἆπιχμένους
198 2709 283 2774 αὐτῶν
300 2709 361 2781 τοὺς
375 2707 502 2825 πρώτους.
530 2709 564 2784 ὥς
581 2708 633 2790 χάρ
651 2709 683 2785 δή
701 2733 822 2790 παρημι-
