2014 3030
129 129 180 182 268
422 130 625 178 HERODOTI

131 261 183 313 φης
194 259 247 312 γαρ
260 233 328 308 ἥκειν
341 257 415 312 παρα
405 233 612 311 Σμίρδιοςτου
599 229 717 310 Κύρου
731 227 852 309 δίγγελσς·
883 243 945 291 νῦν
1001 295 1002 300 ,

131 312 167 378 ὧν
189 325 265 384 ειπας
287 317 333 390 τὴν
355 317 485 390 ἇληθηίην
506 316 587 374 ὅίπιθι
603 320 712 392 χαίρων·
739 314 830 392 κότερα
848 313 943 414 ριδτός

130 425 171 460 τοι
184 403 293 477 Σμέρδις
305 398 460 476 φαινόμενος
472 405 496 464 ἐς
510 397 572 475 όψιν
585 403 720 458 ἐνετέλλετο
733 398 828 466 ταῦτα,
846 394 864 468 ἢ
877 401 943 456 τῶν

130 506 167 549 τις
181 487 276 542 ἐκείνου
288 482 444 559 ἶπηρετέωνς
462 480 491 540 0
505 479 571 538 δὲ
545 505 612 540 ειπε·
627 479 693 580 Εγιίι
702 482 853 556 Σμέρδιν
822 501 870 554 μεν
883 479 942 538 τὸν

131 563 230 642 Κύρου,
244 563 300 632 ἐξ“
285 590 348 624 οτου
362 561 481 640 βασιλεὺς
491 563 640 663 Καμβύσης
653 561 759 634 η’λασε*
747 585 771 628 ες
783 567 939 668 Αἴγυπτον,

132 645 199 706 ούιιω
214 646 322 707 όπωπα·
350 646 406 706 οδε
416 670 461 747 μρι
472 644 557 722 μόγος
570 644 616 704 τὸν
629 642 801 721 Καμβύσης*
788 647 940 720 επίτροπον

131 731 182 786 τῶν
195 731 279 788 οἰκίων
293 713 449 798 ύπέδεξε,’
421 753 496 793 ουτος
510 729 593 785 ταῦτα
607 733 756 794 ἐνετείλατο,
774 723 828 800 φὰς
842 731 936 826 Σμέρ-

132 809 214 868 διν
189 833 234 870 τον
250 809 342 888 Κύρου
361 807 470 868 εἶναι
444 833 490 868 τον
507 810 591 867 ταύτα
607 814 760 885 ἐπαθέμενον
778 806 849 866 εἶπαι
863 809 937 885 πρὸς

130 891 215 967 ύμόας.
256 891 285 950 ‘0
306 898 352 968 μὲν
373 891 405 964 δη
428 915 476 965 σφι
498 893 566 966 ἔλεγε
587 889 660 951 οδδὲν
676 896 934 966 ἐπικατεψευσμένος,

131 971 276 1050 Καμβύσης
290 977 318 1032 δὲ
330 971 396 1032 εἷπε·
418 971 591 1050 Πρήξασπες,
610 971 644 1031 σύ
656 977 710 1049 με’ν,
722 969 766 1031 οἷα
779 971 842 1049 ἀνὴρ
856 971 930 1048 676-

131 1053 193 1123 θὸς,
206 1055 320 1129 ποιῆσας
333 1055 364 1116 τὸ
376 1055 536 1164 κελρυόμενον
550 1057 632 1128 αἰτίην
644 1059 810 1131 ἐκπέφευγας·
828 1056 884 1129 ἐμοὶ
898 1058 932 1112 δὲ

131 1136 201 1204 τίς’“
181 1161 215 1196 αν
219 1145 262 1240 εἰη
275 1144 399 1218 Περσέων
413 1139 427 1198 6
441 1137 599 1204 ἐπανεστεὼς
611 1136 766 1212 ἐπιβατεύων
779 1137 826 1195 τοδ
839 1139 928 1212 Σμέρ-

132 1219 227 1288 διας
199 1220 403 1324 ομνόματος;0
374 1221 483 1281 Ὀδὲ
458 1233 525 1280 εἰπε
544 1219 608 1296 Εγώ
622 1244 667 1294 μοι
677 1221 756 1278 δοκεω
770 1218 931 1279 συνιέναιτὸ
1001 1233 1002 1236 ’

131 1301 239 1379 γεγονός
251 1306 384 1405 τούτο,ω
364 1295 519 1378 ὦβασιλεύ·
546 1305 572 1362 οἱ
584 1301 665 1378 μάγοι
678 1303 729 1360 εἶσί
740 1325 780 1361 τοι
794 1325 819 1361 οι
832 1307 929 1359 ἔκτανε-

132 1387 250 1453 στεῶτες,
271 1385 318 1445 τόν
335 1410 363 1444 τε
375 1388 455 1450 ἔλιπες
467 1385 652 1460 μελεδωνὸν
618 1407 669 1443 των
682 1385 778 1453 οἰκίων,
803 1388 930 1452 Πατιζεί-

131 1474 186 1540 θης
199 1470 242 1524 και
255 1466 269 1525 6
283 1465 376 1526 τούτοιν
391 1465 511 1539 ἀδελφεὸς
522 1470 637 1544 Σμέρδις

193 1554 233 1608 64.
256 1547 428 1607 Ενθαύτα’
414 1547 563 1607 ακούσαντα
585 1545 779 1624 Καμβύσεα
752 1573 782 1607 το
802 1551 932 1624 Σμέρδιος

132 1627 231 1706 οδνομα
244 1633 319 1708 ἐἰυφε
331 1629 348 1703 ἦ
363 1629 476 1704 ἇληθηίη
490 1631 541 1690 τῶν
553 1653 581 1689 τε
592 1630 675 1708 λόγων
687 1633 730 1698 καὶ
739 1631 786 1690 τού
794 1635 929 1689 ἐνυπνίου·

132 1711 161 1778 δς
179 1711 262 1772 ἐδόκεε
280 1719 306 1772 ἓν
323 1715 358 1790 τῷ
376 1711 448 1789 ύπνηι
468 1711 624 1791 ἀπαγγεῖλαί
642 1711 699 1772 τινά
720 1716 746 1772 οἱ
766 1712 801 1780 ὧς
818 1715 932 1790 Σμέρδις

133 1793 246 1870 ἱζόμενος
264 1802 289 1862 ἐς
305 1794 352 1855 τόν
372 1794 507 1871 βασιλήιον
526 1793 630 1874 θρόνον
650 1793 761 1872 ψαύσειε
777 1796 808 1872 τῇ
826 1795 930 1873 ’κεφαλῇ

132 1878 180 1944 τού
198 1875 320 1954 ούρανοῦ.
340 1877 439 1955 μαθών
458 1882 485 1936 δὲ
503 1877 537 1945 ὥς
553 1877 637 1954 μάτην
651 1877 815 1944 ἀπολωλεκὼς
828 1882 866 1950 εἴη
879 1877 930 1938 τόν

133 1957 268 2034 ἀδελφεόν,
286 1959 406 2020 ἀπέκλαιε
419 1963 535 2038 Σμέρδιν.
557 1959 725 2026 ἀποκλαύσας
737 1963 821 2019 δὲκαὶ
833 1983 926 2037 περιη-

131 2041 259 2120 μεκτήσας
271 2045 302 2120 τῇ
315 2043 407 2122 ἁπάσῃ
423 2044 556 2120 συμφορῇ,
580 2041 748 2120 ἀναθρώσκει
766 2046 808 2102 ἐπί
820 2041 865 2102 τόν
879 2045 925 2102 ίπ-

132 2147 195 2194 πον,
212 2132 238 2184 ἐν
251 2124 303 2202 νόῳ
318 2129 381 2200 ἓγων
393 2125 440 2199 τὴν
451 2131 573 2198 ταχίστην
585 2132 610 2192 ἐς
623 2127 715 2184 Σοῦσα
729 2123 929 2202 στρατεύεσθαι

133 2209 175 2266 ἐπὶ
187 2204 233 2266 τὸν
245 2207 338 2309 μάγον,
363 2213 408 2267 καί
421 2212 446 2268 οἱ
460 2207 659 2314 ἇναθρόσκρντι
672 2211 713 2266 ἐπὶ
724 2207 770 2268 τὸν
783 2211 864 2267 ἵππον
876 2211 927 2268 τού

133 2290 238 2348 κουίεού
248 2315 295 2350 του
282 2291 420 2365 ξίφεος
406 2317 421 2351 ο
434 2289 513 2368 μύκης
527 2289 677 2350 ἀποπίπτει·
701 2296 839 2367 γυμνωθὲν
853 2289 922 2348 δι’
894 2315 926 2350 το

133 2374 206 2470 ξίφος
218 2377 270 2429 παί
268 2396 290 2430 ει
303 2372 348 2432 τόν
359 2373 463 2474 μηρόν
478 2376 668 2450 τρωματισθεὶς
682 2375 709 2431 δὲ
722 2371 789 2432 κατὰ
802 2373 878 2432 τούτο
890 2373 927 2449 τῇ

134 2449 211 2516 αδτός
223 2453 350 2532 πρότερον
366 2455 412 2516 τὸν
429 2457 479 2514 τῶν
492 2457 639 2532 Αἰγυπτίων
656 2454 724 2514 θεὸν
736 2447 810 2514 ἶ4πιν
828 2457 928 2555 ἔπληξε,

133 2530 169 2596 (δι’
187 2534 213 2590 οἱ
230 2541 314 2636 καιρίη
334 2540 416 2606 ι’δοξε
423 2538 608 2612 τετύφθαι,’
587 2545 669 2616 είρετο
688 2535 890 2616 ὃΚαμβύσης
874 2559 889 2595 ο
902 2561 929 2596 τι

133 2637 164 2690 τη
152 2612 283 2672 ”πόλι”
252 2641 350 2695 ουνομα
368 2627 414 2694 εἰη.
440 2646 465 2680 οι
456 2623 511 2682 δὲ
527 2617 637 2682 εἶπαν“
622 2647 662 2682 οτι
670 2620 824 2700 Ἀγβάτανα.
846 2643 882 2696 τιρ
869 2619 930 2679 δι’
