1898 3012
78 141 79 148 ’
136 138 193 191 48·
428 134 630 183 HERODOTI

35 278 41 285 -
60 248 61 252 ’
139 269 253 324 στράτου
239 217 517 302 άπαλλάσσεσθαι“
503 237 623 315 ενάτερον
641 243 665 304 ές
682 236 727 310 τήν
740 241 848 307 ἑαυτοῦ,
870 245 944 316 μηδὲ

139 331 293 404 παραμένειν
308 323 520 422 ἀγωνιζομένων,
528 322 644 379 τῶνδε”
620 344 723 389 εινεκεν,
745 325 789 380 ίνα
806 321 844 398 μή
861 345 944 401 παρ

139 410 232 470 εόντων
244 409 295 466 τῶν
309 401 520 484 στρατοπέδων
507 403 614 480 ορῶντες
632 405 657 462 οἱ
670 405 751 481 έτεροι
763 409 944 505 ἑσσουμένους

139 491 200 559 τοδς
228 495 365 567 σφετέρους
397 485 558 562 ἐπαμύνοιεν.
605 491 761 562 συνθέμενοι
787 509 824 544 ων
849 490 944 550 ταῦτα

142 573 351 640 ἇπαλλάσσοντο,
360 569 467 647 λογάδες
481 573 534 626 δέε
520 572 644 645 εκατέρων
656 567 857 642 έπολενφθεντες
871 594 944 628 συν

140 659 239 732 έβαλον.
258 658 408 733 μαχομένων
426 655 454 710 δέ
471 675 557 725 σφεων
574 653 618 708 καί
630 655 769 754 γινομένων
782 653 944 726 ἰσοπαλέων,

140 740 307 798 υπελείποντο
326 743 352 802 ἐξ
372 734 470 835 άνδρῶν
488 739 628 800 ἑξακοσίων
650 741 729 810 τρεῖς,
753 733 873 810 Ἀργείων
892 741 944 810 μὲν

138 820 264 898 Ἀλκήνωρ
277 844 305 878 τε
318 821 361 877 καί
374 816 498 918 Χρρμιος,
511 819 723 892 Λακεδαιμονίων
736 819 764 875 δέ
774 814 944 893 Οθρυάδης

141 904 339 1001 δπελείφθησαν
357 903 430 958 δέ
402 924 475 958 ουτοι
491 922 580 999 νυκτρς
599 897 770 972 ἐπελθούσης.
799 901 825 958 ολ
840 903 886 974 μέν
910 901 944 1008 δή

143 985 238 1044 δάο
203 1007 254 1042 τοιν
263 981 422 1060 Ἀργείων,
403 1005 437 1048 ως
450 980 614 1054 νενικηκότες,
633 983 739 1041 ἔθεον’
726 1005 751 1048 ες
764 979 794 1041 τὸ
803 977 944 1082 Ἀργος,ή

143 1067 216 1126 δέ
183 1089 233 1125 των
245 1068 455 1172 Λακρδαιμονίοιν
464 1062 640 1142 Ὀθρυάδης,
643 1063 799 1166 σκυλεύσας
808 1062 867 1128 τοδς
877 1061 944 1145 Ἀρί

143 1154 218 1228 γείων
230 1145 334 1249 νεκρρδς
351 1150 395 1206 καί
411 1145 634 1256 προσφορήσας
621 1145 655 1205 τά
669 1145 737 1231 ὅπλα
750 1145 823 1247 πρὸς
829 1144 859 1205 τὸ
872 1150 944 1208 έωυ

142 1257 190 1292 του
176 1229 396 1310 στρατόπεδον,
425 1237 451 1290 έν
468 1231 499 1307 τῇ
517 1229 588 1296 τάξει
609 1227 659 1303 εἶχε
682 1225 782 1331 ἑωυτόν.
809 1227 887 1305 ἡμέρη
917 1236 944 1296 δέ

143 1319 246 1416 δευτέρῃ
258 1315 393 1420 πριρήοαν
414 1311 648 1387 πυνθανόμενοι
634 1312 783 1389 αμφότεροι.
811 1315 870 1377 τέως
893 1320 944 1389 μὲν

143 1396 224 1469 δή
194 1398 268 1454 αυτοὶ
286 1394 401 1471 ἑκάτεροι
418 1396 522 1468 ε’φασαν
534 1394 618 1460 νικᾶν,
645 1397 803 1469 λέγοντες“
777 1419 803 1452 οι
819 1398 876 1496 μέν,
908 1398 944 1482 ὧρ

143 1480 242 1538 ἑωυτῶν
255 1477 358 1542 πλεῦνες
371 1473 565 1574 περιγεγόνασι,
595 1499 620 1534 οι
611 1476 665 1534 δέ
682 1473 742 1542 τοδς
759 1481 805 1550 μέν
819 1477 944 1550 άποφαί

142 1583 228 1626 νοντες
240 1557 420 1664 πεφευγότας,
440 1555 486 1616 τὸν
504 1560 531 1616 δέ
549 1562 673 1636 σφέτερον
686 1565 880 1638 παραμείναντα
894 1567 944 1632 καί

144 1640 320 1702 σκυλεύσαντα
333 1639 393 1706 τοὺς
407 1643 505 1697 ἐκείνων
517 1638 632 1718 νεκρούς·
660 1647 740 1711 τέλος
747 1646 775 1702 δέ
788 1643 856 1700 ἐκ
827 1667 871 1715 της
885 1645 944 1723 ἕρι,

143 1729 188 1791 δος
206 1721 380 1800 συμπεσόντες
397 1720 540 1800 ἐμάχοντο·
568 1723 700 1787 πεσόντων
718 1728 807 1784 δὲκαὶ
825 1724 944 1802 έμφοτὲ

143 1831 195 1909 ρων
215 1805 351 1907 πολλολν’
338 1811 423 1864 ενίκων
444 1805 652 1884 Λακεδαιμόνιοι.
695 1807 806 1887 Ἀργεῖοι
826 1812 872 1885 μέν
894 1813 944 1880 vm}

145 1885 198 1949 άπὸ
220 1887 313 1949 τοάτου
335 1890 382 1948 τοῦ
401 1886 499 1966 χρόνου
520 1889 729 1970 κατακειράμενοι
750 1890 797 1958 τάς
805 1893 944 1972 κεφαλάς

144 1971 271 2050 πρότερον
284 1969 425 2073 ἐπάναγκες
438 1974 571 2050 κομῶντες,
590 1973 747 2046 ἐποιήσαντο
761 1972 842 2050 νόμον
854 1999 883 2032 τε
897 1981 944 2042 καί

107 2115 113 2120 ,
144 2053 258 2134 κατάρην
275 2053 310 2131 μή
327 2053 455 2132 πρότερον
476 2061 589 2133 θρέψειν
605 2055 686 2133 κόμην
700 2055 818 2134 ’Λργείων
834 2061 944 2134 μηδέναγ

142 2135 246 2213 μηδέ
218 2161 264 2204 τας
277 2137 398 2214 γυναῖκάς
413 2163 461 2212 σφι
471 2139 692 2216 χρυσοφορήσειν,
715 2142 776 2216 πρὶν
790 2137 822 2196 άν
840 2149 944 2217 Θυρέας

144 2219 337 2280 ἀνασώσωνται.
383 2220 585 2297 Λακεδαιμόνιοι
612 2225 639 2278 δέ
660 2220 694 2286 τά
716 2226 818 2281 ἐναντία
839 2223 944 2302 τούτωη

143 2305 236 2364 ἔθεντο
250 2301 341 2380 νόμον·
370 2302 401 2364 οὗ
413 2308 466 2381 γὰρ
479 2304 605 2379 κομῶντες
617 2302 670 2381 πρὸ
683 2302 789 2374 τούτου,
809 2303 863 2364 ἀπὸ
877 2309 944 2378 τοέιζ

143 2409 189 2445 του
202 2388 292 2464 κομάν.
319 2385 365 2446 τὸν
371 2390 411 2444 -δέ
428 2389 473 2446 ἕνα
490 2391 593 2462 λέγουσι
610 2385 657 2445 τὸν
674 2391 876 2465 περιλειφθέντα
891 2383 944 2460 τῶή

141 2475 300 2546 τριηκοσίων,
325 2467 489 2546 Ὀθρυάδην,
518 2467 704 2546 αἰσχυνόμενον
726 2469 896 2530 άπονσστέειν
920 2483 944 2544 ές

141 2551 273 2629 Σπάρτην,
286 2553 337 2609 τῶν
351 2554 376 2611 οἱ
390 2555 555 2624 συλλοχιτέων
568 2554 777 2630 διεφθαρμένων,
801 2550 886 2612 αιἰτοῦ
899 2559 944 2632 μιέ

141 2641 167 2692 έν
180 2639 241 2712 τῇσι
258 2638 370 2710 Θυρέῃσι
382 2632 608 2711 καταχρήσασθαι
620 2634 724 2699 ἑωυτόν.
