2008 2922
152 90 168 142 1
453 93 656 142 HERODOTI

214 205 239 258 6.
263 198 352 258 Ταῦτα
370 200 398 256 δέ
415 199 482 275 ἔλεγε
500 194 544 256 οἷα
556 203 680 276 νεωτέρων
692 199 772 276 ἔργων
785 197 954 276 ἐπιθυμητὴς

106 353 113 359 ἱ
153 279 200 340 ἐόν
213 283 257 339 καὶ
270 287 356 340 θέλων
370 279 447 346 αι’ττὸς
459 281 504 352 τῆς
514 280 635 346 Ἑλλάδος
651 279 769 358 όπαρχος
782 279 860 339 εἶναι.
890 281 953 358 χρό-

151 387 187 440 νῳ
200 367 228 421 δέ
241 361 420 440 κατεργάσατό
434 365 518 420 τεκαὶ
533 362 649 421 ἀνέπεισε
664 369 758 440 Ξέρξεα
770 362 840 422 ὥστε
858 369 955 423 ποιέειν

152 447 249 506 ταῦτα·
272 447 394 520 συνέλαβε
406 442 459 522 γάρ
471 446 515 502 καὶ
529 442 593 502 όλλα
608 448 633 504 οἱ
647 445 771 520 σάμμαχα
784 444 920 522 γενόμενα
935 453 957 512 ές

152 526 182 586 τό
202 533 353 585 πείθεσθαι
371 532 474 602 Ξέρξεα.
502 527 579 586 τοῦτο
597 532 643 603 μὲν
667 525 721 585 άπὸ
739 529 784 599 τῆς
806 533 957 601 Θεσσαλίης

152 608 227 687 παρά
248 611 300 668 τῶν
317 607 511 667 Ἀλευαδέων’
496 614 632 685 απιγμίνοι
655 606 771 716 ι’ίγγελρι
782 615 956 671 ἐπεκαλέοντο

152 691 312 766 βασιλέα
273 713 366 748 πασαν
378 695 531 792 προθυμίην
543 689 715 766 παρεχόμενοι
729 694 771 749 ἐπὶ
784 689 831 763 τὴν
842 691 956 750 Ἑλλάδα

153 777 191 845 (οἱ
205 777 232 830 δέ
242 771 415 832 Ἀλευάδαι’
387 797 459 830 ουτοι
471 765 541 844 ἦσαν
558 778 700 845 Θεσσαλίης
714 775 856 847 βασιλέες),
831 776 954 844 )τουτο

153 859 180 914 δέ
193 857 473 931 Πεισιστρατιδέων
447 879 473 912 οι
490 853 706 930 ἀναβεβηκότες*
693 881 718 921 ες
731 857 840 925 Σοῦσα,
863 858 917 914 τῶν
928 880 955 915 τε

153 935 237 998 αδτῶν
254 935 338 1014 λόγων
357 935 472 1013 ἐχόμενοι
487 937 538 994 τῶν
555 940 598 994 καί
617 935 796 1006 οῖ’Λλενάδαι,
820 941 868 996 καὶ
885 938 953 1011 δητι

152 1019 218 1097 πρὸς
230 1017 346 1078 τοότοισι
360 1021 395 1077 έτι
408 1023 485 1077 πλέον
498 1019 692 1095 προσωρέγοντό
707 1023 743 1088 οἳ,
762 1023 866 1092 ἔχοντες
877 1020 950 1081 Ὀνο-

151 1100 283 1180 μάκριτον,
299 1099 382 1178 άνδρα
392 1099 547 1172 Ἀθηναῖον,
560 1099 743 1178 χρησμολόγον
756 1126 783 1160 τε
796 1107 843 1162 καὶ
856 1107 950 1164 διαθέ-

96 1179 97 1184 ’
152 1209 199 1258 την
217 1185 342 1262 χρησμῶν
363 1183 415 1242 τῶν
431 1187 581 1242 Μουσαίου.
614 1182 808 1258 ἀναβεβήκεσαν
830 1184 888 1263 γάρ
909 1185 952 1258 τὴν

92 1320 94 1324 ,
153 1270 253 1344 ἔχθρην
265 1263 536 1344 προκαταλυσάμενοι·
559 1266 694 1338 ἐξηλάσθη
706 1265 759 1343 γάρ
772 1267 827 1338 ε’χπό
839 1267 949 1345 Ἱππάρ-

150 1350 260 1424 χαυτοῦ
273 1345 495 1425 Πεισιστράτουὸ
506 1347 687 1426 Ὀνομάκριτος
701 1355 728 1416 ἐξ
736 1349 885 1421 Ἀθηνέων,
911 1349 949 1410 ἐπ’

154 1429 298 1508 αδτοφώρῳ
312 1430 388 1497 άλοάς
401 1429 454 1489 άπὸ
464 1429 559 1490 Λάσου
573 1434 620 1490 τοῦ
632 1431 773 1509 Ἑρμιονέος
787 1439 919 1508 ἐμποιέων
930 1441 951 1500 ές

152 1511 185 1572 τά
202 1517 346 1572 Μουσαίου
364 1511 483 1589 χρησμόν
501 1512 536 1579 ὧς
558 1517 586 1572 αἱ
608 1517 650 1572 επὶ
666 1513 810 1590 Λημνου’
796 1521 952 1593 εποιείμεναι

151 1596 226 1667 νῆσοι
240 1593 407 1695 ἂφανιζοίατρ
421 1593 489 1654 κατά
501 1597 546 1668 τῆς
559 1596 708 1669 θαλάσσης.
733 1595 772 1656 διὸ
786 1597 902 1671 ἐξηλασέ
911 1623 952 1676 μιν

152 1676 332 1754 οἽππαρχος,
354 1675 483 1756 πρότερον
497 1677 642 1780 χρεόμενος
654 1705 688 1737 τα
677 1679 821 1756 μάλιστα.
850 1681 914 1742 τότε
927 1686 953 1746 δέ

153 1758 332 1835 συναναβάς’
317 1785 382 1828 οκως
396 1759 540 1820 ἇπίκοιτο’
527 1786 551 1828 ες
570 1761 632 1839 όψιν
645 1785 691 1834 την
704 1764 835 1837 βασιλέος,
857 1763 950 1841 λεγόν-

152 1866 202 1903 των
219 1845 270 1902 τῶν
287 1847 520 1920 Πεισιστρατιδέων
531 1848 597 1950 περι
616 1843 697 1904 ατίτοῦ
721 1845 830 1922 σεμνοὺς
847 1845 950 1952 λόγρυς,
976 1901 977 1928 η

152 1931 268 2003 κατέλεγε
285 1928 337 1984 τῶν
351 1927 491 2029 χρησμῶν·
517 1928 539 1985 εἰ
554 1933 600 2004 μέν
617 1953 641 1986 τι
659 1932 722 1998 ἐνέοι
741 1927 851 2006 σφάλμα
870 1935 950 2006 φέρον

151 2034 187 2086 τρι
174 2006 385 2086 βαρβάρῳ,
350 2033 400 2068 των
413 2013 459 2084 μὲν
473 2011 540 2085 ελεγε
554 2008 672 2078 ουδὲν,ε
659 2036 673 2068 ο
688 2009 754 2068 δε
727 2035 760 2068 τα
773 2010 949 2084 εὐτυχέστατα

152 2069 315 2198 έιίλεχόμενος
341 2093 409 2167 ἔλεγε
432 2089 479 2150 τόν
498 2115 526 2150 τε
542 2090 767 2164 Ἑλλήσποντον
749 2117 783 2160 ως
806 2095 949 2167 ζευχθηναι

150 2173 232 2252 χρεὼν
245 2179 284 2245 εἴη
297 2197 334 2232 απ
337 2171 453 2250 ’ἀνδρὸς
464 2179 585 2250 Πέρσεω,
607 2199 653 2246 την
666 2199 693 2233 τε
710 2177 798 2233 ἔλασιν
811 2176 946 2283 ἐξηγεόμε-

150 2279 202 2322 νος.
231 2249 307 2322 ουτός
324 2279 352 2313 τε
370 2255 401 2327 δὴ
413 2258 587 2361 χρησμῳδέων
603 2263 791 2335 προσεφέρετο,
815 2262 861 2318 καὶ
881 2263 909 2318 οί
922 2281 947 2315 τε

150 2341 365 2414 Πεισιστρατίδαι
378 2341 422 2395 καὶ
436 2363 461 2395 οι
453 2337 603 2396 εἈλευάδαι
616 2338 719 2415 γνώμας
730 2340 947 2418 ἀποδεικνύμενοι.

212 2427 236 2475 7
255 2419 301 2484 Ὡς
315 2421 343 2476 δὲ
358 2418 514 2495 ἆνεγνωσθη
528 2425 622 2496 Ξέρξης
636 2422 859 2498 στρατεόεσθαι’
846 2427 890 2482 επὶ
903 2425 977 2502 τὴν

147 2497 266 2568 Ελλάδα,
289 2502 408 2559 ένθαυτα
427 2503 532 2579 δευτέρῳ
549 2509 595 2577 μέν
613 2506 664 2562 ἔτεϊ
678 2503 753 2612 μετά1
760 2504 805 2564 τόν
822 2506 948 2566 θάνατον
976 2491 977 2572 λ

150 2578 196 2636 τὸν
215 2585 328 2657 Δαρείου
346 2605 436 2680 πρωτα
455 2587 594 2660 στρατηίην
609 2591 722 2645 ποιέεται
740 2589 783 2646 έπι
799 2587 861 2654 τοὺς
881 2588 945 2649 άπε-
