2014 3030
246 251 316 298 ΜΒ
335 252 389 302 1111.
419 252 497 298 cAP.
516 247 605 298 80-
617 248 657 302 83.
803 251 853 305 ²81

63 357 139 416 ιλοκέει
156 350 249 455 ὀρθῶς
268 359 349 422 λέξαι,
372 351 448 412 τὰδ’
472 361 497 421 ές
519 353 715 434 ὂίιγαρχίην’
687 383 733 418 ουιι
756 356 853 437 55555.

63 439 133 536 τριῶν
146 435 200 535 γὰρ
213 441 394 544 προκειμένων,
420 441 464 496 καί
481 435 587 498 πάντων
603 442 654 498 τῶν
655 440 758 545 λέγω
744 447 855 519 ορίστων

63 519 157 588 έόντων,
168 517 252 619 (λη’μσυ
264 543 292 578 τε
306 519 414 596 ἀρίστου
427 545 472 579 και
462 520 631 598 ὀλιγαρχίης
643 525 687 580 καί
698 523 855 632 μουνάρχου,

63 603 142 680 πολλῷ
161 603 240 661 τοῦτο
257 607 376 680 προέχειν
392 607 463 679 λέγω.
492 601 633 682 ἀνδρὸς
602 629 654 706 γαρ
671 605 785 672 ἑνὸςτοέι
799 607 855 708 ἀρί-

64 709 122 745 στου
146 681 264 744 05555³¹
246 709 349 762 αμεινον
371 709 404 746 αν
425 691 533 760 φανείη·
563 687 652 764 γνώμη
674 686 726 768 γὰρ
747 711 855 767 τοιαυτῃ

60 767 203 869 χρεώμενος
213 765 376 845 ἐπιτροπεύοι
389 766 423 826 ίιν
436 767 574 846 ἀμωμήτως
591 773 639 830 τοῦ
656 769 786 843 πλήθεος,
814 797 854 830 σι-

60 851 124 926 5515
137 873 167 910 τε
184 849 218 908 έίν
231 849 392 928 βουλεύματα
407 854 448 910 ἐπί
461 856 600 929 δυσμενέας
613 850 754 960 λίνθρας“
724 877 790 914 ουτω
802 851 855 932 μοί·

61 937 138 992 λιστα.
167 939 195 1032 μν
214 934 241 990 55
255 931 389 1011 ὀλιγαρχίῃ
402 935 562 996 πολλοῖσι
548 934 640 1013 αρετην
658 941 814 996 ἐπασκέουσι
831 943 856 1002 ές

61 1014 87 1074 τὸ
104 1013 194 1074 κοινὸν
212 1017 295 1089 ἔχθεα
314 1019 395 1076 ίθια”
386 1017 481 1094 ισχυρίι
499 1024 576 1093 φιλέει
589 1024 755 1096 ἐγγίνεσθαι·
777 1017 855 1085 αὐτὸς

60 1097 108 1176 γὰρ
121 1100 231 1164 ἕκαστος
244 1097 397 1176 βουλόμενος
410 1109 550 1202 κορυφαῖος
567 1101 632 1162 εἶναι
645 1101 764 1205 γμαίμησί
774 1125 803 1160 τε
816 1123 853 1160 νι-

60 1183 117 1249 κᾶν,
145 1187 172 1248 ές
193 1183 278 1254 έχθεα
299 1181 400 1290 μεγμίλα
425 1182 589 1284 ἆλληλοισι’
576 1189 749 1252 απικνέονται,
775 1187 837 1250 έξ’
820 1205 856 1240 ων

61 1261 163 1330 στάσιες
177 1269 329 1340 ἐγγίνονται,
343 1273 369 1324 έκ
383 1268 456 1324 55
422 1289 473 1334 Ιτοιν
487 1270 602 1324 στασίων
615 1264 707 1338 φόνος·
729 1273 756 1324 έκ
769 1268 798 1324 55
809 1266 857 1323 τοῦ

60 1345 140 1455 φόνμυ
158 1345 276 1447 ἇπέςλη’
263 1371 288 1413 ες
304 1353 473 1424 μουναρχίην,
495 1351 540 1406 καί
557 1354 583 1405 έν
600 1345 682 1422 τοέιτηι
696 1345 816 1413 δέδεξο’
802 1369 857 1422 οσοι

61 1432 112 1488 ἐστὶ
124 1429 204 1526 10550
220 1426 334 1504 ίίριστον.
357 1431 439 1506 δήμου
457 1454 485 1488 τε
504 1421 539 1488 55
553 1427 678 1507 ἄρχοντος
692 1427 851 1488 ἀδύνατα
822 1453 857 1504 μη

17 1525 23 1546 “
61 1509 233 1611 οὗκμκότητα
247 1516 417 1585 ἐγγίνεσθαι·
438 1511 578 1612 ιιιιιιιλτητος
594 1516 680 1570 τοίνυν
697 1516 858 1590 ἐγγινομένης

61 1602 82 1660 ές
94 1592 128 1652 τὰ
141 1591 218 1651 κοινὰ
232 1594 316 1664 ἔχθεα
326 1594 374 1668 μέν
388 1614 434 1650 ουκ
447 1593 573 1665 ἐγγίνεται
589 1596 659 1648 τοῖσι
675 1603 790 1662 κακοῖσι,
813 1619 856 1668 φι-

61 1682 108 1734 λίαι
121 1679 150 1734 55
164 1677 281 1751 ἰσχυραί·
303 1675 329 1732 οἱ
346 1673 398 1749 γὰρ
415 1695 552 1738 κακουντες
568 1669 602 1730 τέι
615 1674 689 1775 κοινλι
703 1674 854 1753 σαγκιίφαν-

60 1783 96 1826 τες
109 1759 228 1817 ποιεῦσι·
251 1756 329 1815 τοῦτο
344 1758 371 1814 55
382 1757 485 1814 τοιαῦτα
495 1759 606 1830 γίνεται,
626 1762 650 1821 ές
664 1756 679 1816 5
694 1755 727 1815 έν
739 1757 858 1836 προστάς

62 1866 94 1908 τις
105 1867 154 1900 του
140 1839 250 1942 δήμου
263 1837 323 1904 τοὺς
334 1836 466 1903 τοιούτους
478 1835 578 1912 παιίση.
601 1845 628 1896 έκ
640 1838 712 1897 δέ’
681 1843 766 1898 αυτῶν
779 1849 855 1901 θωυ-

60 1923 166 2008 μάζεται
179 1927 257 1990 ουτος
270 1920 328 1994 55‘
315 1919 367 1979 υπὸ
382 1945 428 1978 του
415 1917 536 1994 δημου,
553 1920 769 2031 θαυμαζόμενος
770 1921 854 1981 θέ”
813 1949 844 1981 αν

60 2031 92 2066 ον
104 2005 191 2082 ε’φοίνη
203 2027 351 2082 μουναρχος
364 2002 423 2062 ἐών·
445 2005 488 2060 καί
506 2002 627 2078 ἐντούτῳ
641 2007 714 2076 δηλοῖ
725 2009 769 2064 καί
782 2031 857 2073 ουτος

59 2089 89 2157 ὦς
105 2089 123 2164 5
142 2092 287 2166 μουναρχίη
310 2085 454 2164 κράτιστον.
478 2089 516 2142 ἔνι
507 2087 594 2142 55''
579 2094 636 2145 επεί
655 2086 742 2148 πάντα
760 2093 854 2147 συλλα-

58 2173 176 2246 βόντα’
152 2179 247 2240 ειπεῖν,
269 2169 353 2230 κόθεν
369 2167 428 2244 ἡμῖν
441 2167 460 2240 ,ἡ
478 2173 610 2269 έλεμθερίη
628 2174 727 2246 ἐγένετο
747 2173 792 2228 καί
812 2172 857 2230 τεῦ

59 2255 161 2325 δόντοςς
183 2252 281 2355 κότερα
294 2277 370 2330 παρα
358 2249 494 2327 55505'
477 2277 494 2323 η
508 2249 682 2327 ὀλιγαρχίης
665 2278 681 2324 η
694 2249 856 2329 μουνιίρχυυς

57 2341 103 2411 ἔχω
122 2341 211 2398 τοίνυν
228 2336 331 2438 γνώμην
347 2335 426 2412 ἡμέας
444 2340 673 2442 ἐλευθερωθέντας
688 2335 766 2392 555⁰
750 2359 795 2392 ινα
810 2333 854 2394 α’ίν

58 2420 152 2522 θρα“
123 2446 157 2480 το
170 2445 274 2480 τοιουτο
288 2424 467 2520 περιστέλλειν,
487 2421 565 2519 χωρίς
582 2442 609 2476 τε
626 2415 720 2476 τούτου
734 2423 857 2496 πατρίους

58 2504 154 2584 νόμους
165 2528 202 2581 μη
191 2501 311 2562 1’λέαιν’
296 2527 402 2608 εχογτας
414 2493 454 2562 ⁵5·
477 2500 509 2560 05
522 2499 579 2586 γὰρ
589 2498 699 2576 ἄμεινον.

120 2595 166 2646 83,
192 2589 298 2664 Γνῶμαι
312 2591 358 2662 μέν
376 2584 407 2656 55
425 2590 492 2660 τρεῖς
510 2587 588 2642 αὑται
605 2586 759 2660 προεκέατο,
785 2609 811 2643 οι
802 2585 860 2642 55

57 2675 181 2747 τέσσερες
198 2669 251 2726 τῶν
268 2667 335 2728 έτιτᾶ
351 2667 454 2770 555555
476 2662 642 2768 προσέθεντο
664 2665 753 2744 ταύτη.
780 2666 815 2734 ὧς
833 2669 860 2767 55

57 2751 175 2825 έσστέθη
189 2752 221 2831 τῇ
240 2751 328 2834 γνώμη
348 2751 363 2814 5
373 2749 481 2825 Οτένης
492 2753 615 2830 Πέρσησι
632 2749 765 2829 ἰσονομίην
779 2746 857 2808 οπεέ
