2008 2922
161 141 178 192 1
463 144 667 193 HERODOTI
742 195 745 198 .

224 257 249 310 6.
274 249 362 310 Ταίττα
380 251 408 308 δέ
425 249 492 326 ἔλεγε
511 245 554 307 οἷα
566 254 691 326 νεωτέρων
703 249 782 326 ’ἔργων
795 247 964 326 ἐπιθυμητὴς

117 403 123 410 ῃ
163 330 210 392 έών
223 335 267 390 καί
280 338 366 391 θέλων
380 330 457 397 αιἰτὸς
470 333 514 403 τῆς
524 331 645 397 Ἑλλάδος
662 330 779 408 ὕπαρχος
792 329 869 389 εἶναι.
897 331 963 407 χρό·

161 438 197 490 κιρ
211 418 238 472 δέ
251 412 430 491 κατεργάσατό
444 417 528 472 τεκαὶ
543 413 659 472 ἀνέπεισε
674 419 768 490 Ξέρξεα
780 411 849 472 ὥστε
867 419 966 472 ποιέειν

162 497 259 556 ταῦτα’
282 497 404 570 συνέλαβε
416 493 469 572 γάρ
482 497 525 554 καί
539 493 603 552 ἀλλα
618 499 644 554 οἳ
658 495 781 570 σύμμαχα
794 493 930 571 γενόμενα
945 503 968 562 ές

163 577 193 637 τὸ
212 583 364 636 πείθεσθαι
381 583 484 652 Ξέρξεα.
512 579 654 654 τοῦτομὲν
677 576 731 635 ἀπὸ
749 579 794 649 τῆς
816 583 969 651 Θεσσαλίης

162 659 237 738 παρὰ
259 662 310 718 τῶν
328 657 521 717 Ἀλευαδέων’
506 665 643 735 απιγμένοι
666 657 771 735 ἀγγελοι
792 664 969 719 ἐπεκαλέοντο

163 742 322 817 βασιλέα
283 764 376 798 πασαν
389 745 542 842 προθυμίην
553 739 726 816 παρεχόμενοι
739 744 781 799 έπί
794 765 840 812 την
851 741 968 800 Ελλάδα

163 828 202 896 (οἱ
215 827 242 882 δέ
252 821 425 882 Ἀλωιάδαι“
397 847 470 881 ουτοι
481 815 551 895 ἦσαν
569 829 712 896 Θεσσαλίης
725 825 866 898 βασιλέες),
885 826 967 884 τοῦτο

163 910 190 965 δέ
204 907 483 982 Πεισιστρατιδέων
458 929 483 962 οι
501 903 717 980 ἀναβεβηκότες’
704 931 729 972 ες
742 907 849 974 Σοῦσα,
873 908 928 964 τῶν
940 931 968 965 τε

164 987 248 1049 αι’πῶν
265 986 348 1064 λέγων
367 985 483 1063 ἐχόμενοι
497 987 548 1044 τῶν
565 991 608 1045 καί
627 991 653 1046 οἳ
662 985 807 1056 Αλευάδαι,
829 990 877 1046 καί
894 987 928 1060 δή
942 1015 966 1048 τι

163 1070 229 1148 πρὸς
240 1068 357 1130 τοάτοισι
370 1071 406 1127 έτι
419 1074 495 1130 πλέον
509 1069 703 1145 προσορέγοντό
718 1073 754 1138 οἳ,
773 1073 876 1142 ἔχοντες
886 1069 963 1131 Ὀνο-

161 1151 294 1231 μάκριτον,
310 1149 393 1228 ἀνδρα
403 1149 557 1222 Ἀθηναίων,
571 1150 754 1228 χρησμολόγον
767 1175 794 1210 τε
807 1155 854 1211 καί
867 1156 963 1213 διαθέ-

106 1230 108 1235 ’
162 1259 209 1308 την
228 1235 353 1312 χρησμῶν
374 1234 425 1292 τῶν
442 1237 592 1292 Μουσαίου.
625 1233 818 1308 ἀναβεβήκεσαν
839 1233 897 1312 γὰρ
919 1235 965 1308 τίγν

103 1371 105 1375 ,
163 1321 264 1394 ἔχθρην
275 1314 547 1394 προκαταλυσάμενοι·
569 1316 705 1390 ἐξηλάσθη
717 1315 770 1394 γάρ
782 1315 836 1388 ἀπὸ
849 1317 961 1394 Ἱππάρ-

161 1425 211 1474 χου
223 1401 271 1459 τοῦ
284 1395 505 1475 Πεισιστράτουὸ
517 1395 698 1476 Ὀνομάκριτος
712 1406 738 1466 ἐξ
746 1398 883 1471 Ἀθηνέων
887 1443 895 1470 ,
921 1400 961 1460 ἐπ’

164 1480 309 1558 αίττοφολρφ
322 1479 399 1548 ἆλοίις
412 1479 464 1540 ὕπὸ
474 1479 570 1540 Λάσου
583 1484 631 1540 τοῦ
643 1481 784 1560 Ἑρμιονέος
798 1489 929 1558 ἐμποιέων
942 1491 963 1550 ές

162 1562 196 1623 τά
213 1568 357 1624 Μουσαίου
375 1562 494 1640 χρησμὸν
512 1562 546 1630 ὦς
569 1567 597 1622 οἱ
618 1567 661 1622 ἐπὶ
677 1563 785 1641 Λήμνου
807 1571 964 1643 ἐπικείμεναι

162 1647 237 1718 νῆσοι
251 1644 418 1720 ἀφανιζοίατο
432 1645 500 1704 κατά
512 1647 556 1718 τῆς
569 1647 719 1719 θαλάσσης.
744 1645 783 1706 διὸ
797 1646 912 1720 ἐξήλασέ
923 1672 965 1725 μιν

163 1727 343 1806 ὃἽππαρχος,
365 1726 494 1806 πρότερον
508 1727 653 1806 χρεώμενος
665 1729 699 1786 τὰ
711 1729 832 1806 μάλιστα.
862 1730 926 1791 τότε
940 1736 965 1796 δὲ

164 1811 313 1886 συναναβὰς
328 1810 393 1878 ὅκως
407 1809 523 1870 ἀπίκοιτο
538 1819 562 1878 ές
581 1811 643 1888 ἀψιν
655 1811 702 1884 τὴν
715 1813 846 1887 βασιλέως,
870 1814 963 1890 λεγόν-

163 1917 213 1954 των
230 1896 281 1953 τῶν
298 1897 531 1971 Πεισιστρατιδέων
547 1897 608 1970 περὶ
626 1892 708 1953 αάτοῦ
732 1893 841 1970 σεμνοὺς
859 1895 964 1972 λόγους,

163 1981 280 2054 κατέλεγε
297 1979 348 2035 τῶν
362 1977 502 2052 χρησμῶν·
527 1978 550 2034 εί
564 1982 611 2053 μέν
628 2001 652 2035 τι
670 1981 734 2046 ένέοι
752 1977 863 2055 σφάλμα
882 1985 964 2056 φέρον

162 2062 198 2136 τῷ
212 2057 343 2160 βαρβάρῳ,
361 2060 411 2118 τῶν
424 2063 470 2134 μέν
484 2061 551 2134 ἔλεγε
565 2057 650 2127 οὐδέν,
670 2057 684 2118 ὃ
699 2062 726 2117 δέ
738 2058 771 2117 τά
785 2059 962 2133 εάτυχέστατα
991 2079 992 2096 ³

163 2141 326 2248 ἐκλεγόμενος
352 2143 421 2216 ἔλεγε
443 2139 537 2200 τόντε
553 2139 779 2214 Ἑλλήσποντον
760 2167 794 2208 ως
818 2145 963 2216 ζευχθῆναι

161 2223 244 2303 χρεὼν
257 2229 295 2295 εἴη
309 2247 345 2282 υπ
348 2221 464 2300 ἀνδρὸς
476 2229 596 2300 Πέρσεω,
618 2223 664 2296 τήν
676 2249 704 2283 τε
721 2227 809 2284 ἔλασιν
823 2225 959 2332 ἐξηγεόμε-

161 2331 213 2374 νος.
242 2298 318 2372 ουτάς
335 2329 363 2364 τε
381 2305 412 2378 δὴ
425 2307 598 2412 χρησμῳδέων
615 2313 803 2385 προσεφέρετο,
827 2311 874 2368 καὶ
892 2312 922 2367 οί
936 2331 961 2364 τε

161 2392 376 2464 Πεισιστρατίδαι
389 2392 433 2446 καί
447 2413 472 2446 οι
464 2387 614 2446 Ἀλευάδαι
627 2388 731 2466 γνώμας
741 2389 960 2468 ἀποδεικνύμενοι.

223 2479 248 2527 7.
267 2470 312 2536 Ὡς
327 2473 355 2528 δέ
369 2469 525 2546 ἀνεγνωσθη
539 2476 633 2548 Ξέρξης
647 2471 843 2548 στρατεύεσθαι
858 2477 901 2532 ἐπί
915 2473 962 2545 τὴν

159 2550 278 2620 Ἐλλάδα,
301 2554 420 2610 ένθαίιτα
438 2555 544 2630 δευτέρῳ
560 2559 607 2628 μέν
625 2556 675 2612 έτεῖ
689 2553 754 2630 μετά
771 2553 817 2614 τὸν
833 2555 961 2625 θάνατον

162 2631 208 2690 τὸν
227 2639 340 2710 Δαρείου
357 2635 448 2711 πρῶτα
467 2637 605 2711 στρατηίην
621 2641 734 2695 ποιέεται
752 2639 794 2695 ἐπὶ
810 2636 874 2704 τούς
894 2637 958 2706 ἀπε-
