1996 2922
131 173 164 226 58
216 221 222 227 ,
433 173 640 220 nunonem

134 285 288 353 Μασίστης,
310 279 381 358 έτέρη
399 282 427 338 δέ
444 283 583 386 τεταγμένη
599 274 641 351 ἤϊε
657 277 706 337 τοό
718 280 836 356 στρατοδ
848 304 944 358 τριτη-

132 367 206 472 μορίς
218 361 265 435 τὴν
277 361 436 466 1666me
448 362 494 434 τῆς
506 359 678 438 ἐστρατήγεον
691 367 902 446 Ίρπανταίγμης
916 387 946 422 τε

132 472 177 506 και
168 449 289 547 Γέργις.
314 470 331 517 η
320 443 378 503 ’δὲ
394 447 465 520 τρίτη
477 444 529 502 τεόν
517 449 669 548 μοιρέων,
681 443 737 548 μετ’
751 447 782 516 ἧς
793 443 944 521 ἐπορεύετο

133 525 213 594 αὐτὸς
230 524 403 605 όΞέρξης,
386 535 426 598 ηϊε
437 531 484 602 μέν
496 523 527 584 τό
540 531 621 600 μέσον
638 523 747 596 αιπέτον,
769 526 944 605 στρατηγοὺς

132 615 160 670 δέ
173 615 311 688 παρείχετο
326 605 503 686 Σμερδομένεά
518 631 546 666 τε
559 631 603 666 και
594 607 783 684 Μεγάβυζον,

195 702 252 752 122.
271 691 300 751 ‘0
317 697 363 768 μέν
376 713 422 750 νυν
434 687 553 756 ναυτικὸς
567 689 692 767 στρατὸς,
714 690 749 758 ὦς
762 689 899 765 απεέθη”
882 687 942 752 amb

133 781 230 854 Ξέρξεω
242 799 286 832 και
277 771 488 841 διεξέπλωσε
462 796 509 846 την
522 771 678 850 διώρυγα
652 796 699 844 την
712 775 786 831 ἐν
746 797 787 850 τῳ
797 771 877 851 Ἄθῳ
889 799 937 876 γε·

132 863 251 966 νομένην,
273 861 412 930 διέχουσαν
428 859 456 915 δέ
473 863 499 922 ές
516 853 614 916 κόλπον
632 863 659 914 ἐν
675 880 711 932 τῳ
698 833 804 915 Λσόα
818 881 848 916 τε
859 857 938 924 πόλις

132 965 177 1000 και
166 944 309 1018 Πίλωρος
326 964 370 998 και
361 941 480 1016 Σίγγος
497 940 541 996 καί
555 937 644 1016 Σάρτη
663 943 785 1012 οἴκηνται,
799 941 935 1008 ἐνθεῦτεν,

132 1023 167 1090 ὦς
180 1049 223 1082 και
214 1026 263 1082 ἐκ
275 1027 383 1082 τουτέων
396 1023 556 1098 vamum
569 1020 692 1099 στρατιὴν
705 1025 846 1100 παρέλαβε,
861 1025 935 1082 ἔπλεε

134 1105 268 1182 ἀπιέμενος
282 1112 307 1172 ές
320 1103 366 1164 τὸν
382 1112 511 1182 Θερμαῖον
528 1101 631 1163 κόλπον.
658 1103 782 1180 κάμπτων
796 1108 825 1164 δὲ
835 1104 932 1182 ’Ἀμπε-

133 1195 178 1248 λον
191 1187 238 1263 τὴν
254 1194 402 1266 Τορωναίην
416 1185 495 1265 ἄκρην
508 1188 683 1263 παραμείβετο
692 1185 838 1260 Ἑλληνίδας
851 1187 934 1248 τάσδε

131 1271 217 1342 πόλις,
240 1279 267 1330 eu
282 1273 333 1330 τῶν
350 1276 409 1338 νέας
422 1293 450 1330 τε
461 1273 506 1329 καί
518 1269 642 1346 στρατιὴν
654 1269 853 1348 παρελάμβανε,
879 1283 931 1331 Το-

132 1354 223 1430 ρώνην,
238 1353 369 1432 Γαληψὸν,
388 1351 531 1431 Σερμύλην,
551 1351 733 1430 Μηκύβερναν,
747 1351 888 1414 Ὄλυνθον.
917 1353 933 1425 ἦ

131 1443 176 1513 μέν
189 1460 235 1496 νυν
242 1435 315 1514 χώρη
329 1436 393 1510 αέπη
407 1442 525 1508 Σιθωνίη
537 1440 659 1494 καλέεται.

193 1527 249 1578 123.
268 1517 297 1578 ‘0
316 1522 344 1578 δέ
361 1517 479 1586 ναυτικὸς
497 1517 608 1596 στρατὸς
627 1518 760 1596 ὁΞέρξεω,
779 1514 933 1594 συντόμων

132 1598 180 1660 ἄπ’
193 1599 318 1676 ’Ἀμπέλου
331 1599 409 1680 ἄκρης
422 1604 465 1662 ἐπὶ
476 1607 666 1677 Καναστραῖον
679 1599 766 1678 ἄκρην,
782 1599 813 1659 τό
827 1600 861 1674 δὴ
874 1601 930 1661 πό-

131 1705 178 1755 σης
194 1685 238 1754 τῆς
251 1683 389 1754 Παλλήνης
406 1684 489 1754 ἀνέχει
505 1683 627 1757 μάλιστα,
629 1685 751 1742 ἐνθεῦτεν
767 1689 827 1750 νέας
845 1689 932 1744 τεκαὶ

131 1787 254 1841 στρατιην
276 1761 460 1841 παρελάμβανε
482 1769 509 1822 ἐκ
532 1767 675 1838 Ποτιδαίης
692 1769 737 1826 καί
750 1763 870 1840 Ἀφότιος
886 1772 931 1827 καί

134 1852 203 1920 Νέης
220 1845 310 1914 πόλιος
327 1849 371 1906 καί
384 1847 467 1950 Αίγης
484 1849 528 1906 καί
550 1846 676 1925 Θερόμβω
693 1852 738 1908 καί
752 1847 869 1922 Σκιώνης
887 1855 931 1908 καί
985 1877 986 1882 ’

132 1933 236 2002 Μένδης
249 1931 292 1989 καί
298 1928 399 2004 ’Σάνης
428 1954 507 1990 αυται
525 1929 578 2008 γόρ
595 1932 646 1990 εἶσι
659 1934 688 1990 αλ
701 1931 747 2034 τέγν
760 1933 806 1990 νῦν
820 1933 927 2006 Παλλη-

130 2037 184 2086 νην,
198 2011 326 2091 πρότερον
340 2015 368 2071 δέ
381 2018 496 2092 Φλεγρην
508 2019 661 2090 καλεομένην
674 2015 817 2093 νεμόμεναι.
838 2039 926 2093 παρα-

131 2101 212 2156 πλέων
229 2099 257 2156 δέ·
274 2099 319 2155 καί
334 2095 431 2170 ταότην
447 2096 494 2170 τὴν
508 2095 596 2173 χώρην
608 2100 680 2156 έπλεε
693 2096 757 2165 ἐς
730 2123 761 2157 το
774 2104 925 2176 προειρημέ-

132 2203 189 2249 νον,
213 2178 427 2258 παραλαμβόνατν
449 2177 572 2257 στρατιὴν
594 2183 637 2238 καί
660 2187 687 2240 έκ
707 2182 759 2240 τεόν
780 2186 926 2258 προσεχέων

131 2267 227 2322 πολίων
239 2264 271 2338 τῆ
285 2261 418 2338 Παλλήνη,
438 2261 630 2340 ὁμουρεουσέων
642 2266 670 2322 δέ
682 2264 719 2340 τῷ
736 2269 855 2342 Θερμαίῳ
867 2262 924 2323 κόλ·

131 2366 185 2418 πρε,
211 2346 273 2420 τῇσι
295 2343 428 2420 οόνόματό
450 2353 505 2404 ἐστι
521 2342 596 2414 τόδε,
622 2351 754 2416 Λίπαξος,
779 2345 926 2424 Κώμβρεια,

132 2401 222 2494 Λίσαι,
238 2432 360 2503 Γίγωνος,
378 2425 493 2506 Κάμψα,
512 2432 604 2504 Σμίλα,
618 2435 728 2488 Αἴνεια.
745 2454 763 2501 η
752 2428 809 2488 ιδέ
820 2434 926 2488 τουτέων

129 2505 202 2582 χώρη
215 2512 393 2584 Κροσσαίη”
377 2535 413 2568 ετι
428 2535 474 2570 και
465 2514 515 2578 ές
532 2508 592 2570 τόδε
609 2510 774 2571 καλέεταιῧ
759 2511 816 2572 από
833 2515 861 2570 δέ
876 2513 923 2570 Αἰ-

131 2592 209 2658 W'nc
228 2591 293 2656 ἐς
266 2615 313 2662 την
324 2591 457 2652 έτελεότων
469 2593 657 2670 καταλέγων
628 2619 676 2661 τας
689 2593 775 2664 πόλις,
795 2592 849 2654 αἰπό
862 2593 922 2654 166-

131 2690 176 2738 τηε
199 2667 248 2741 ἤδη
267 2679 291 2739 ἐς
309 2671 390 2734 αὐτόν
402 2699 433 2774 τε
448 2675 495 2738 τὸν
516 2685 647 2754 Θερμαῖον
663 2675 761 2740 κόλπον
778 2683 873 2753 ἐγένετο
890 2679 924 2754 τῷ
