2014 3030
151 137 200 190 272
457 132 662 181 66606061

152 241 303 319 τὸνΚύροιι
317 242 427 318 Σμέρδιν
445 238 554 298 ἰδέσθαι
572 233 687 311 ούδαμύι,
714 229 774 294 6666
793 231 863 300 ὅστις
882 239 927 310 εἴη
951 238 968 299 ὁ

154 330 290 386 συνοικέων
309 322 375 423 αὕτη
363 325 494 380 εἰδέναι
521 321 617 418 ε’πεμπε
636 316 774 417 6666666‘
763 343 777 376 ο
788 315 898 390 Οτάνης
918 327 966 380 λέ.

154 432 219 486 γων
242 409 274 466 Εἰ
290 404 325 482 μὴ
345 403 410 477 αιἰιη
424 400 574 479 Σμέρδιν
549 425 595 460 τον
607 399 699 477 Κύρου
715 397 859 475 γινώσκει,
880 402 918 461 66
935 407 968 463 66

155 488 229 598 παρὰ
248 487 373 560 ’Λτόσσης
395 485 485 543 πύθευ
507 483 570 558 ὅτεῳ
591 481 674 558 τούτῳ
697 487 819 542 συνοικέει
840 480 907 556 6666
933 512 967 547 τε

156 579 234 645 ἐκείνη
248 575 292 630 καὶ
306 569 351 628 66·
373 567 476 633 πάντως
493 565 546 642 γάρ
563 564 594 637 δή
612 589 660 624 κου
671 563 760 641 τόνγε
771 565 865 638 ἑωυτῆς
880 565 962 628 ἆδελ-

156 655 220 731 φεὸν
235 651 364 756 γινώσκει.
403 649 562 724 ’Λντιπέμπέι
587 647 653 725 πρὸς
674 648 757 706 ταῦτα
779 647 796 721 ἡ
817 648 964 754 θυγάτηρ·

160 737 224 798 0666
235 735 347 810 Ἀτέσση
363 731 506 808 δύναμαι’
493 755 518 797 ες
535 729 628 807 λύγους
642 728 770 789 ἔλθεθ’
743 729 802 790 αύιε
816 728 943 804 ἇ”λλην
909 760 961 794 ου.

157 825 256 920 δεμιαν
265 821 373 876 ἰδέσθαι
389 817 440 874 τῶν
462 819 658 890 ουγκατημένων
679 815 824 890 γυναικῶν·
839 821 908 874 ἐπεί
932 842 963 877 τε

157 902 209 980 γὰρ
223 898 334 973 τάχιστα
349 889 424 963 οὗτος
437 894 597 973 ὥνθρωπος,
621 895 692 962 ὅστις
706 902 765 955 κοτέ
783 903 848 965 ἐστι,
870 905 959 976 παρέ-

158 985 220 1058 λαβε
208 981 278 1054 ετην
292 983 432 1056 βασιληλην,
447 977 601 1057 διέσπειρε
586 983 665 1055 ημέας
679 976 756 1051 δι’λλην
770 976 831 1056 άλλη
844 979 936 1047 τάξας.

221 1073 263 1125 69.
282 1063 413 1126 Ἀκούοντι
431 1063 554 1136 δὲταῦτα
568 1063 604 1138 τῷ
614 1059 709 1138 Οτάνῃ
722 1063 818 1138 μᾶλλον
829 1069 958 1136 κατεφαί-

159 1174 217 1210 νετο
238 1147 269 1208 66
293 1149 409 1226 πρῆγμα.
444 1151 530 1249 τρέτην
550 1148 578 1204 66
601 1143 755 1222 ἆγγελλην’
743 1150 863 1221 εσπέμπει
884 1146 957 1222 παρ’

158 1231 239 1305 αιἰιὴν
257 1237 385 1308 λέγουσαν
402 1230 499 1288 66666·
517 1219 552 1287 ,Ω
553 1226 696 1329 θύγατερ,
719 1230 758 1286 66
775 1251 805 1287 66
818 1235 961 1304 γεγονυῖαν

160 1339 189 1374 ευ
177 1273 317 1374 κλνδυνον
331 1310 558 1386 ἀναλαβέσθαι
532 1335 578 1372 τον
591 1310 624 1368 66
638 1311 652 1370 6
665 1309 751 1387 πατὴρ
765 1309 900 1370 ὑποδύνειν
913 1337 960 1370 κε-

160 1397 237 1474 λεύῃ·
267 1398 289 1454 εἰ
306 1394 359 1471 γάρ
378 1395 409 1466 δὴ
426 1393 462 1494 μή
481 1401 535 1452 έστι
553 1393 568 1451 6
586 1392 678 1470 Κύρου
695 1396 809 1494 Σμέρδις,
834 1393 940 1452 6666
911 1420 962 1454 τον

160 1480 338 1536 καταδοκέω’
325 1475 386 1576 εγὼ,
409 1475 482 1534 0666
498 1499 542 1550 μιν
556 1481 600 1535 σοι’
611 1500 637 1534 τε
652 1474 857 1552 συγκοιμώμενον
869 1479 914 1534 και
928 1479 963 1540 τὸ

164 1565 289 1637 Περσέων
302 1557 396 1635 κράτος
410 1560 502 1658 ἔγαντρ
517 1561 556 1616 δεῖ
564 1563 693 1664 γαίροντα
708 1556 891 1628 ἀπαλλάσσειν,
911 1559 961 1618 ἆλ-

161 1641 192 1700 λά
209 1643 298 1700 δούναι
311 1645 387 1712 δίκην.
414 1641 460 1698 νύν
474 1641 509 1698 ὠν
522 1645 634 1713 ποίησον
647 1639 720 1700 τάδε·
746 1640 824 1699 ἐπεάν
838 1666 881 1701 σοι
895 1667 961 1743 666-

119 1743 122 1750 ⁴
161 1724 229 1826 εύδη
241 1749 286 1782 και
277 1723 395 1800 μάθης
414 1721 494 1782 αιἰτὸν
502 1728 718 1830 κατυπνωμένρν,
746 1747 853 1797 αφασον
875 1723 963 1786 66606

162 1807 195 1866 66
209 1799 275 1866 666·
298 1809 342 1865 καὶ
355 1805 386 1879 ἢν
398 1812 444 1882 μὲν
457 1811 580 1882 φαίνηται
593 1798 731 1908 έγωνώτρι,
746 1806 831 1883 νόμιζε
818 1807 964 1882 εσεωυτὴν

162 1893 305 1990 Σμέρδι
271 1915 306 1947 τω
318 1889 410 1966 Κύρου
424 1895 572 1958 συνοικέειν,
594 1888 627 1961 ἢν
645 1888 714 1947 δέ
680 1913 719 1989 μη
734 1891 809 1962 έχων,
833 1916 867 1949 συ
857 1889 960 1948 δέ”
920 1916 962 1969 τῳ

159 1972 237 2080 μάγῳ
251 1976 352 2050 Σμέρδι.
391 1971 551 2048 Ἀντιπέμπει
564 1971 630 2048 πρὸς
643 1997 726 2032 ταυτα
731 1971 889 2073 61‘4126666661¹
901 1999 959 2048 φα-

159 2061 222 2133 μένη
236 2054 405 2114 κινδυνεύσειν
405 2053 587 2138 μέγάλως,’
570 2080 601 2128 ην
618 2056 680 2132 ποιῇ
695 2057 790 2114 66666
812 2055 844 2128 ἢν
856 2054 911 2134 γάρ
925 2057 960 2130 δὴ

160 2139 195 2244 μὴ
215 2138 329 2222 τυγχάνῃ
348 2137 381 2196 66
398 2142 452 2196 666
471 2141 546 2211 έχων,
573 2143 729 2214 επίλαμπτος
747 2137 807 2197 δι”
792 2137 960 2240 αφάσσρυσα

161 2225 242 2291 ἔσται,
256 2246 285 2280 ευ
275 2220 421 2280 '6666‘
404 2246 437 2287 ως
452 2219 573 2279 ἇϊστώσει
584 2244 639 2296 μιν·
662 2220 729 2299 ὅμως
740 2226 826 2328 μέντρι
838 2220 960 2295 ποιήσειν

122 2307 125 2319 '
159 2306 251 2362 ταῦτα.
277 2303 294 2376 ⁹6
311 2309 355 2378 μέν
373 2304 406 2375 δὴ
421 2303 562 2404 ύπεδέξατρ
580 2304 662 2362 ταύια
680 2305 716 2380 τῷ
733 2303 956 2382 πατρλκατεργά-

162 2393 270 2444 σεσθαι.
296 2411 343 2446 τυιι
330 2388 389 2445 66
406 2385 503 2472 μάγου
512 2384 605 2445 τούτου
626 2388 675 2445 τού
693 2391 817 2489 Σμέρδιος
834 2387 962 2464 Κυροςὸ

161 2467 347 2541 Καμβύσεω’Ι
328 2493 415 2570 ριρχων
432 2467 466 2528 66
482 2473 536 2527 666
555 2467 662 2546 ἀπέτεμε
679 2469 720 2528 ἐπ
716 2472 805 2572 αἶτλρ
820 2468 850 2542 δή
863 2494 913 2528 τινι
927 2469 963 2529 06

162 2551 263 2623 σμικρῇ
290 2576 306 2622 η
319 2575 357 2610 αιν
370 2552 401 2623 66
419 2551 586 2652 Φαιδύμη“
552 2578 630 2624 αυτη,
652 2579 669 2626 η
682 2578 730 2612 του
739 2552 851 2612 Οτάνεω
863 2551 961 2630 θυγά-

161 2651 216 2703 τηρ,
229 2629 317 2688 πάντα
331 2639 495 2694 ἐπιτελέουσα
507 2659 539 2694 τα
529 2633 741 2704 ύπεδέξατο”
706 2660 743 2712 ται
754 2638 846 2715 πατρλ,
863 2641 920 2696 ἐπεὶ
932 2660 964 2694 τε
