1960 2926
271 158 322 206 DE
349 159 444 205 VITA
470 159 633 208 HOMERI.
798 157 849 211 265

34 263 91 320 ἐπὶ
102 284 151 319 του
138 261 285 337 αίχιαλού
297 267 436 338 κατέμεινε,
459 261 505 335 τὴν
522 263 583 322 δὲ
568 269 666 366 ημίραν
677 251 850 344 πορευόμενος

32 369 92 402 και
83 343 299 446 πλανώμενος
285 351 390 405 απίκετσ
404 348 440 412 εἷς
451 343 481 405 τό
493 351 589 448 χωρίον
604 346 619 406 5
634 352 716 414 ΙΙίτυς
728 355 849 408 καλεῖται.

32 426 191 485 κᾶνταύθοι
221 426 292 504 αύτῶ
319 426 510 504 ἀναπαυομένῳ
539 427 586 502 τὴν
610 428 691 489 νύκτα
719 437 849 492 ἐπιπίπτει

32 507 149 587 καρπός
162 513 207 582 τῆς
225 486 327 579 πίτύος,
351 511 426 584 δνδη
443 517 599 590 μετεξέτεροι
612 511 760 590 στρόβιλον,
784 517 810 574 οἱ
821 519 849 574 δι’

32 596 129 652 κῶνον
141 597 281 652 καλέουσιν.
296 593 313 653 5
326 596 354 652 δὲ
364 593 475 670 ’Όμηρος
488 600 635 671 φθέγγεται
648 595 682 654 τόι
696 599 758 656 ἔπεα
772 595 845 656 τάδε·

82 673 160 747 ’Ἀλίη
174 681 212 742 τίς
226 700 276 734 σου
289 675 369 749 πεύκη
382 675 505 752 ἀμείνονα
519 677 622 755 καρπόν
634 682 704 751 ίησιν

82 755 153 830 Ἴδης
165 765 192 816 ἐν
204 761 335 835 κορυφῇσι
347 759 514 832 πολυπτύχου
526 760 692 837 ἠνεμοέσσας,

88 843 159 899 ἔνθα
174 845 278 918 σίδηρος
287 841 378 920 ’Ἀρηος
392 847 564 914 ἐπιχθονίοισι
572 845 704 921 βροτοῖσιν

89 926 202 992 ἔσσεται,
216 919 269 983 εἶπ’
284 923 317 984 ίίν
329 949 373 1000 μιν
386 924 525 1002 Κεβρῆνιοι
540 925 630 1004 ύίνδρες
644 929 727 1000 ἔχωσι.

35 1007 80 1067 τδι
99 1010 128 1065 δὲ
140 1007 273 1084 Κεβρήνια
291 1010 384 1068 τοῦτον
402 1007 449 1068 τὸν
464 1007 561 1085 χρόνον
578 1015 666 1078 κτίζειν
688 1014 715 1070 σῖ
732 1022 847 1088 Κυμαῖοι

35 1090 271 1167 παρεσκευάζοντο
284 1089 352 1168 πρὸς
365 1093 396 1168 τῇ
407 1089 461 1167 ’λδη
475 1093 519 1149 καί
532 1097 646 1168 χίχνεται
659 1091 760 1154 αὐτόθι
773 1099 844 1170 σίδη-

37 1197 100 1252 ρος.
143 1183 184 1232 21.
203 1172 340 1233 Ἐντεδθεν
359 1173 476 1246 ἀναστὰς
488 1173 604 1251 Ὅμηρος
621 1175 756 1253 ἐπορεύετο
778 1178 847 1238 κατὰ

36 1255 135 1332 φωνήν
147 1281 205 1316 τινα
220 1259 301 1334 αἱχῶν
315 1263 467 1333 νεμομένων·
488 1256 523 1324 οῖς
541 1261 569 1316 δὲ
586 1257 708 1318 ύλόκτεον
726 1259 806 1321 αύτύν
820 1264 845 1322 οί

36 1340 130 1407 κύνες,
154 1339 301 1417 ἆνέκραχεν.
329 1340 343 1398 5
362 1345 389 1400 δὲ
403 1343 520 1408 Γλαύκσς
537 1339 605 1408 ὦς’
587 1366 683 1414 ηκουσε
695 1344 740 1416 τῆς
752 1347 845 1417 φωνῆς,

37 1427 76 1496 ἠν
93 1421 147 1499 χόρ
164 1425 242 1521 τούτρ
262 1421 344 1522 όνομρι
362 1449 398 1500 τρι
416 1430 516 1500 νέμοντι
527 1423 574 1490 τὰς
588 1424 677 1502 αλχας,
705 1430 845 1529 ἐπέδραμεν

39 1507 185 1606 ὀτραλέως,
207 1504 254 1570 τός
266 1529 294 1564 τε
305 1504 384 1572 κύνας
398 1506 542 1568 ἀνεκαλεῖτο
556 1533 600 1566 και
592 1506 805 1612 ἆπεσόβησεν
791 1510 845 1570 απὸ

41 1589 94 1648 τού
106 1586 239 1690 Θμηρου.
253 1590 295 1647 ἐπὶ
308 1588 389 1648 πολύν
402 1593 429 1648 δὲ
439 1591 536 1669 χρόνον
548 1598 574 1650 ἐν
587 1590 737 1694 θύωματι’
721 1617 761 1666 ην,
781 1592 844 1660 όκως

39 1669 177 1744 τυφλύς”
155 1695 192 1730 ων
204 1668 284 1748 μόνος
303 1669 419 1732 ἇπίκοιτσ
438 1681 463 1740 ἐς
479 1673 611 1775 τοιούτους
621 1675 723 1762 χώρους
736 1679 780 1734 καὶ
794 1676 808 1736 5
822 1701 847 1735 τι

42 1759 145 1822 θέλων,
157 1753 349 1862 προσελθων
343 1761 372 1814 σε’
386 1779 431 1834 μιν
444 1756 558 1834 λστόρεεν
569 1757 643 1825 όστις
656 1782 684 1816 τε
696 1761 729 1830 5v
742 1762 786 1818 καλ
798 1765 847 1816 τίνι

8 1879 18 1894 .
42 1835 136 1915 τρόπον
150 1835 266 1897 ἀπίκοιτο
280 1845 305 1906 ἐς
318 1837 416 1905 τόπους
429 1837 565 1940 ἇοικητρυς
582 1865 625 1897 και
617 1838 752 1913 ἆστιβία
763 1847 845 1917 χωρία

42 1923 90 1979 καί
107 1925 175 1988 τίνος
187 1927 342 2022 κεχρημένος
360 1927 407 1994 εἴη.
431 1920 461 1980 ‘0
479 1920 527 1980 δὲ
528 1920 645 2024 Όμηρος,
665 1920 735 1998 αύτῷ
753 1923 845 1981 πᾶσαν

41 2005 91 2077 την
104 2009 198 2063 ἕοκιτου
187 2004 309 2110 πάθην
321 2003 564 2080 καταλεγόμενος
542 2028 577 2070 εις
591 2003 677 2063 οἶκτον
693 2005 841 2105 προηγόρε-

41 2112 82 2146 το.
108 2111 140 2159 ην
152 2111 213 2166 ηαρ,
227 2087 261 2154 ὧς
275 2090 363 2154 λὀικεν,
381 2085 439 2146 055'
456 2085 610 2194 ριχνύμων
596 2113 610 2144 ο
626 2086 791 2154 Ιλαύκος
777 2112 841 2146 ανα·

42 2168 130 2244 λαβὼν
151 2174 178 2228 δὲ
200 2169 280 2229 αύτόν
302 2168 433 2246 ἇνηχαχεν
450 2173 494 2228 ἐπὶ
516 2169 563 2228 τὸν
580 2169 717 2245 σταθμόν,
745 2173 798 2247 πύρ
816 2195 843 2230 τε

44 2251 198 2320 ἀνακαύσας
212 2253 317 2312 δεῖπνον
329 2252 522 2329 παρασκευάζει
534 2255 577 2310 καὶ
590 2254 725 2328 παραθεὶς
735 2255 843 2311 δειπνεῖν

43 2341 152 2394 ἐκέλευεν
167 2334 182 2394 5
196 2338 321 2402 Γλαύκος.
364 2345 405 2394 22.
431 2337 488 2395 Τῶν
506 2337 533 2392 δὲ
549 2337 631 2394 κυνῶν
647 2333 683 2410 μὴ’
696 2333 842 2395 ἐσθιόντων

43 2421 89 2476 καὶ
102 2417 279 2477 ὑλακτούντων
293 2419 460 2486 δειπνούντα,
478 2417 605 2494 καθάπερ
618 2417 759 2485 εἲώθεσαν,
778 2423 843 2494 λίηετ

44 2499 111 2578 πρὸς
124 2499 171 2560 τόν
185 2502 302 2560 Γλαύκων
309 2500 421 2577 Ὅμηρος
433 2499 467 2558 τὰ
481 2503 546 2558 ἔπεα
559 2499 632 2558 τάδε·

88 2585 186 2642 Γλαύκε
199 2588 295 2649 πέπων,
310 2582 389 2640 ἐπιών
401 2608 426 2641 τι
439 2585 500 2649 ἔπος
516 2608 554 2643 τοι
567 2585 603 2640 ε”νλ
617 2585 694 2659 φρεσὶ
707 2581 798 2653 θύσω·

87 2667 191 2744 πρῶτον
204 2672 250 2742 μὲν
263 2667 321 2724 κυσί
335 2668 438 2724 δεῖπνον
450 2664 491 2724 ἐπ’
510 2665 626 2742 αύλείησι
639 2663 742 2742 θύρῃσι
776 2697 781 2702 -
