1996 2922
261 169 688 223 Llss.v11.cA⁴P.11-=16.
768 190 771 194 ·
836 172 868 224 13

67 285 136 338 έστε.
183 281 288 356 Πέρσαι
311 281 358 354 μέν
377 275 414 344 ὥς
436 273 552 350 ἤκουσαν
573 279 675 347 ταῦτα,
702 277 868 381 κεχαρηκότες

66 357 251 440 προσεκύνεον.

132 449 174 500 14.
198 438 301 508 Νυκτός
315 444 342 500 66
355 445 497 519 γενομένης,
512 433 583 508 οὗτος
595 439 677 502 τώυτό
691 439 789 520 όνειρον
802 443 868 512 έλοξε

56 545 105 600 ’τῳ
124 529 205 630 Ξέρξη
223 529 407 600 κατυπνωμένῳ
426 523 547 582 έπιοτόν·
574 549 595 582 ω
613 547 662 582 παι
651 531 801 603 ”Δαρειόυ,
824 530 868 588 καί

68 607 101 678 δὴ
120 611 225 682 φαίνεαι
241 613 268 664 έν
274 611 409 714 Πέρῳηοί
422 631 451 665 τε
469 605 643 682 ἀπειπάμενος
660 606 706 680 τὴν
720 614 864 685 στρατηλα-

69 693 127 761 σίην
147 692 192 746 καί
212 687 246 746 τόι
268 685 317 765 έμόι
340 691 404 747 ἔπεα
426 696 453 747 ἐν
472 687 556 748 οὖιλενλ
578 687 729 766 ποιεύμενος
746 690 851 767 λόγῳ
832 715 866 792 ῳς

66 795 124 849 παρ
125 769 282 837 ''066663
268 769 389 838 ακοόσας.
417 795 503 830 ευνυν
516 770 572 831 τόδ’
590 770 691 840 666c‚''
674 796 754 874 ηνπερ
766 773 801 850 μὴ
815 772 863 832 αό-

65 859 126 914 τέκα
144 857 343 931 στρατηλατέῃς,
365 852 427 912 τόδε
444 879 485 913 τοι
502 860 529 920 ἐξ
547 851 632 912 αὐτόν
649 853 805 929 ἇναοχηοει
831 855 866 923 ὧς

65 940 122 996 καί
124 941 214 1036 μέγας
222 953 266 994 και
257 935 377 1002 πολλός
393 941 507 1040 ἐγένεο
494 959 520 994 εν
534 933 610 1013 όλίγῳ
619 935 718 1014 χρόνῳ,
741 937 865 998 οὕτωκαὶ

65 1017 188 1085 ταπεινός
203 1017 286 1078 όπίσω
299 1017 367 1076 κατόι
379 1017 459 1092 τάχος
473 1021 550 1077 ἔσται
608 1035 612 1041 “

129 1109 169 1160 15.
193 1106 286 1178 Ξέρξης
301 1105 347 1178 μέν
364 1099 482 1178 περιὸεός
499 1099 635 1178 γενόμενος
652 1125 683 1179 τῃ
699 1098 759 1179 όψει
773 1099 824 1161 ἇνό
836 1126 864 1162 τε

66 1187 162 1262 έδραμε
180 1191 206 1242 έκ
223 1185 267 1256 τῆς
283 1187 367 1256 κοίτης
384 1187 428 1242 καὶ
445 1189 537 1260 πέμπει
553 1181 665 1260 όγγελον
683 1189 725 1243 ἐπὶ
735 1184 861 1262 Ἀρτόβα-

64 1271 257 1326 νονκαλέοντα.
277 1265 428 1374 ἀπικομένῳ
442 1269 470 1325 66
483 1293 508 1326 οι
499 1269 589 1342 ἔλεγε
603 1271 697 1366 Ξέρξῳς
710 1265 784 1326 τόδε·
803 1267 861 1344 Ἀρ-

63 1349 206 1454 τόβανε,’
194 1373 244 1454 εγῳ
256 1346 288 1409 τό
300 1353 446 1425 παραυτίκα
457 1353 503 1431 μέν
515 1347 561 1408 οὐκ
574 1347 737 1425 εσωῳρόνεον
750 1355 824 1416 εἴπας
838 1357 863 1416 ές

65 1437 97 1492 σέ
108 1430 207 1508 μάταια
221 1435 284 1532 έπεμ
294 1456 408 1536 χρηστιγς
421 1455 503 1490 εινεκα
516 1433 680 1508 συμβουλίης·
701 1431 766 1533 μετὰ
777 1438 863 1510 μέντοι
938 1473 946 1479 -

65 1539 100 1576 ου
86 1513 209 1574 πολλόν
223 1513 320 1592 χρόνον
335 1520 470 1591 μετέγνων,
496 1517 575 1591 έγνων
590 1517 618 1572 ιλε
630 1513 715 1572 τοῦτό
727 1539 772 1592 μοι
784 1538 860 1588 ποιη·
902 1535 906 1540 ·

64 1602 112 1658 τέα
132 1596 207 1657 ἐόντα
226 1597 260 1655 τὰ
280 1595 314 1656 66
335 1595 483 1669 ὑπεθήκαο.
516 1595 598 1656 οόκων
614 1597 729 1698 ’δυνατός
750 1603 792 1658 τοί
812 1601 862 1675 εἶμι

62 1681 150 1741 ταῦτα
168 1685 261 1740 ποιέειν
280 1679 445 1757 βουλόμενος·
466 1685 627 1758 τετραμμένῳ
643 1679 695 1758 γὰρ
712 1679 744 1754 661
757 1684 802 1740 καί
814 1705 859 1759 με

62 1761 201 1842 τεγνωκότι
218 1764 355 1863 ἐπιφοιτῶν
374 1761 485 1840 όνειρον
482 1761 652 1836 φαντάζεταί
672 1787 718 1840 μοι
741 1763 860 1842 οὐδαμῶς

64 1851 220 1930 συνέπαινον
238 1845 280 1904 ἐόν
297 1851 392 1904 ποιέειν
408 1869 440 1920 με
457 1846 551 1903 τοιότα
573 1867 619 1903 νυν
632 1848 659 1902 66
672 1871 716 1902 και
707 1849 858 1918 διαπειλῆ.

64 1953 119 1990 σαν
132 1935 236 2004 οίγεται
263 1952 286 1986 ει
304 1919 340 1986 ὧν
357 1925 451 1994 θεός
439 1949 493 1986 εστι
507 1926 522 1986 6
536 1933 684 2002 ἐπιπέμπων
695 1933 740 1985 καί
752 1931 778 1986 οἱ
790 1927 857 1987 πόν-

61 2036 113 2078 τως
132 2019 157 2070 έν
174 2011 254 2087 ηόονῇ
273 2017 327 2069 ἐστι
342 2015 471 2088 γενέσθαι
477 2014 708 2106 στρατηλασίην’
696 2013 737 2067 επὶ
750 2008 795 2080 τὴν
804 2009 857 2069 Ελ-

61 2090 178 2156 6662st
165 2089 330 2160 επιπτήσεται
342 2091 385 2146 καί
398 2091 441 2146 σοί
453 2087 534 2188 τῳυτὸ
548 2090 622 2147 τοῦτο
629 2086 747 2187 όνειρον,
766 2086 859 2184 ὁμοίως

61 2195 99 2237 ως
116 2173 160 2228 καί
176 2179 232 2274 ἐμοι
223 2169 427 2270 ἐντελλόμενον.
453 2170 560 2246 εόρίοκω
577 2172 604 2226 66
620 2161 695 2226 66²¹
684 2191 717 2225 αν
736 2167 858 2267 γινόμενῳ
917 2189 920 2194 ’

59 2255 160 2322 ταῦτα,
174 2279 195 2312 ει
188 2242 332 2328 λάβοις
307 2277 352 2324 την
364 2251 425 2352 ἐμὴν
438 2275 530 2324 σκευην
542 2253 641 2319 πᾶσαν,
654 2274 697 2308 και
689 2248 781 2316 ένδός
792 2249 857 2327 μετὰ

60 2337 142 2395 τοῦτο
161 2339 255 2404 ἵζοιο’
242 2360 267 2401 ες
282 2333 327 2394 τόν
341 2335 400 2411 ἐμὸν
413 2332 526 2413 θρόνον,
546 2336 589 2393 καί
604 2337 691 2394 ἔπειτα
703 2339 729 2392 έν
741 2337 812 2408 κοίτη
825 2358 858 2408 τη

64 2421 114 2495 ἐμῇ
128 2416 327 2512 uatvnv6tmac3

124 2500 165 2550 16
188 2498 281 2568 Ξέρξης
298 2496 343 2568 μέν
360 2489 444 2550 ταυτόι
463 2517 488 2550 οι
478 2493 589 2569 ελεγε·
611 2490 769 2582 Ἀρτάβανος
787 2494 856 2554 66’
827 2521 859 2558 ον

58 2599 97 2652 τῳ
110 2599 205 2652 πρωτῳ
219 2599 244 2632 οι
235 2573 352 2650 κελεόσγ
352 2599 404 2633 ιατι
417 2573 621 2651 πειθόμενος,’
597 2601 640 2634 οια
653 2577 698 2634 οίιιι
713 2576 858 2654 ἀξιεύμενος

57 2667 86 2726 ές
99 2656 147 2720 τόν
159 2655 294 2735 βασιλήϊον
306 2599 409 2736 θβόνον
421 2660 536 2730 ιζεοθαι,
552 2657 666 2728 τέλος,
646 2683 681 2726 ως
692 2659 857 2739 ἠναγκάζετο,
