1898 3012
95 99 128 150 36
391 99 594 148 HERODOTI

5 233 10 240 ·
69 219 77 228 “
99 207 131 266 Οἱ
143 210 189 282 μὲν
202 203 234 279 δή
247 227 311 273 τινες
325 203 391 283 πρὸς
405 203 521 264 τοότοισι
534 209 638 280 λέχουσι
651 204 695 262 καί
707 198 813 279 φρόσαι
828 196 897 274 αὐτῷ

95 289 141 361 τὴν
154 287 308 360 Πυθίην
282 312 328 347 τον
345 290 392 346 νόν
410 288 571 346 κατεστεῶτα
588 286 688 364 κόσμον
707 281 898 361 Σπαρτιητχσι,

95 395 129 439 ως
143 369 167 428 δ
185 369 261 430 οὗτοι
252 369 475 448 Λακεδαιμόνιοι
487 375 603 446 λε’χουσι,
622 369 807 476 Λοκοδρχον
794 391 898 444 επιτρο-

95 451 231 512 παύσαντα
244 453 397 528 Λεωβώτεω,
422 451 570 526 ἀδελφιδέου
582 457 629 530 μὲν
641 452 752 520 διαποό,
776 447 897 525 βασιλεύ·

95 617 148 695 χόρ
162 573 335 697 ἐπετρόπευσε
348 618 472 692 τάχιστα,
489 623 629 694 μετέστησε
642 616 676 675 τὰ
688 616 789 694 νόμιμα
803 615 902 683 πάντα,

20 751 24 764 ,
95 703 139 758 καί
157 700 266 776 ἐφόλαξο
284 725 367 760 ταυτα
384 726 419 778 μη
409 699 610 776 παραβαίνειν.
638 698 703 776 μετὰ
718 697 789 758 66
760 723 795 758 τα
810 706 835 766 ἐς
849 696 901 758 πό-

96 785 210 858 λεμον”
194 807 294 883 εχονφα,
317 787 456 857 ἐνωμοτίας
477 805 521 839 κατ
512 781 676 858 τριηκάδας
697 784 744 841 καί
767 788 904 850 συσσίτια,

96 864 163 942 πρός
176 889 204 923 τε
217 865 333 924 τοότοισι
346 863 406 930 τοὺς
420 862 530 940 ἐφόρους
543 868 588 922 καί
600 871 724 942 γέροντας
739 867 836 940 ἔστησε
844 874 901 924 Λο-

96 948 213 1025 κοῦρχος.
242 946 309 1006 οὕτω
321 951 369 1024 μὲν
381 945 568 1023 μεταβαλόντες
582 946 781 1024 εὐνομήθησαν.

159 1071 200 1123 66.
226 1063 268 1140 Τῷ
286 1067 313 1122 66
330 1062 474 1142 Λυκουρχῳ
492 1062 697 1136 τελευτησαντι
688 1061 746 1142 ιρόν
769 1065 907 1174 εἱσάμενοι

98 1147 219 1220 σέβονται
231 1122 354 1224 μόχόλως
383 1155 427 1206 οἷα
446 1149 508 1206 66’'
492 1171 518 1206 εν
536 1171 563 1206 τε
575 1146 647 1225 χόρη
663 1145 760 1224 όχαθῃ
776 1174 824 1208 και
814 1149 906 1260 πλη-

98 1227 188 1286 66²
161 1253 206 1288 ουκ
220 1227 312 1306 όλίχων
326 1229 472 1336 ἇνδρῶν,’
459 1230 509 1288 οινόι
522 1255 550 1290 τε
564 1229 721 1334 ἔδραμον
690 1235 785 1290 αυτίκα
800 1236 847 1291 καὶ
862 1233 906 1291 εό-

98 1308 271 1382 θηνηθησαν.
300 1335 343 1368 και
335 1310 392 1381 δή
412 1336 460 1384 σφι
478 1311 560 1369 οόκίτι
580 1311 681 1387 ἀπέχρα
695 1311 808 1385 ἡσυχίην
825 1314 911 1393 όίχειν,

99 1390 165 1449 ἀλλὰ
181 1390 425 1468 καταφρονήσαντες
440 1390 570 1466 Ἀρκόδων
587 1397 724 1468 κρείσσονες
742 1393 815 1454 εἶναι
830 1407 909 1477 ἐχρη-

99 1470 300 1550 στηριόζοντο’
287 1495 314 1530 εν
317 1478 490 1546 Δελφοῖσι
477 1475 519 1530 επὶ
537 1470 611 1548 πόση
630 1497 662 1549 τη
650 1471 809 1551 Ἀρκόδων
822 1484 911 1562 χώρῃ,

95 1580 112 1628 η
101 1555 154 1614 66
168 1559 262 1625 Πυθίη
277 1578 325 1627 σφι
336 1577 388 1630 χρρι
375 1553 474 1612 τάδε

127 1649 307 1738 Ἀρκαδίην’
284 1674 303 1711 μ
328 1649 421 1714 αἷτείς;
438 1651 547 1716 66700’
523 1674 542 1713 μ
566 1651 658 1713 αἰτεῖς·
677 1653 709 1708 06
724 1675 767 1709 τοι
785 1662 873 1717 δώσω

130 1720 255 1804 6066’
243 1738 269 1770 εν
283 1717 407 1802 Ἀρκαδίη
422 1719 609 1802 βαλανηφάγοι
626 1721 716 1808 ἄνδρες
732 1728 800 1788 ἔασι,

131 1805 157 1838 οι
147 1784 193 1837 “o'
211 1773 430 1838 ἀποκωλύσουδνν.
448 1785 540 1872 εχὼδέ
556 1807 599 1839 τοι
616 1789 674 1842 οἷίτι
689 1795 816 1862 μεχαίρω.

128 1852 200 1905 δώσω
218 1870 260 1904 τοι
278 1855 375 1918 Τεγέην
393 1855 564 1940 ποσσίκροτον
580 1856 754 1942 ὀρχήσασθαι,

130 1922 175 1972 καί
192 1918 272 1972 καλὸν
290 1921 381 1973 πεδίον
397 1922 489 1988 σχοίνῳ
508 1925 743 1995 διαμετρήσασθαι.

100 2005 191 2064 Ταυτα
218 2003 252 2071 ὥς
279 2002 506 2108 ἀπενειχθέντα
494 2005 610 2080 ηἰιουσαν
637 2035 663 2068 οι
685 2015 914 2090 Λακεδαιμόνιοι,

93 2083 267 2164 Ἀρκάδων“
236 2111 283 2164 μιν
296 2088 346 2146 τῶν
360 2085 470 2148 όλλων
456 2096 605 2164 απείχοντο
635 2095 706 2151 οἶδὲ
720 2098 800 2160 πέδας
817 2101 915 2178 φερό-

97 2193 169 2245 μενοι
187 2173 230 2229 66
249 2169 406 2247 Ίεχεήτας’
393 2171 589 2250 εστρατεόοντο,
606 2199 714 2273 χρησμῳ
701 2176 845 2256 κιβδήλω
862 2191 915 2242 πί

99 2275 180 2320 συνοι,
194 2252 229 2319 ὦς
242 2252 273 2326 δη
287 2254 560 2332 ἐξανδραποδιούμενοι
573 2280 633 2322 τους
650 2258 781 2333 Ὶεχεήτας
811 2266 915 2322 ἑσσω-

98 2339 190 2402 6616
203 2338 275 2393 66
243 2362 275 2414 τη
290 2335 452 2414 συμβολῇ,’
437 2361 497 2396 οσοι
510 2333 596 2394 αὐτῶν
623 2340 828 2448 ἑζωχρηθησαν,
858 2354 917 2406 πέ-

98 2419 147 2483 δας
164 2441 192 2476 τε
209 2421 308 2492 ἔχοντες
326 2417 372 2485 τὰς
390 2423 511 2496 ἐφέροντο
531 2417 607 2479 αυτοὶ
628 2424 672 2480 καί
691 2429 785 2500 σχοίνω
803 2426 917 2504 διαμε.

99 2499 254 2602 τρησόμενοι
271 2500 301 2560 τό
320 2499 452 2559 πεδίον
426 2526 457 2560 το
479 2508 619 2577 Ἰεχεητίων
628 2487 790 2612 ίρχόζοντο
823 2511 862 2564 αἱ
886 2515 921 2570 δὲ

98 2575 223 2640 πέδοι
189 2607 273 2650 ουτοι,
288 2583 358 2638 6
328 2607 388 2658 τησι
401 2586 560 2654 ε’δεδέατο,”
542 2609 579 2643 ενι
592 2588 636 2645 καί
650 2595 674 2653 ἐς
688 2595 730 2664 ι’μο
725 2565 812 2662 6006
831 2595 921 2650 σῶαι
