1960 2926
221 169 293 214 ωε.
317 168 368 214 1x.
399 167 477 214 ειν.
500 163 645 216 ει-υε.
774 147 828 218 λιι
882 209 885 222 ,

15 270 216 351 ἐβουλεύσαντο
227 273 430 348 καταφυγόντες
448 274 474 331 οἱ
490 297 538 330 του
554 275 677 334 ναυτικοῦ
689 280 832 379 στρατηγρλ

21 354 167 438 ἀνειρύσαι
183 355 231 421 τὰς
246 359 306 421 νέας
325 378 369 412 και
360 339 613 455 περιβμλέσδαι“
597 381 678 434 ερκος,
689 360 769 435 ἔρυμα
782 359 833 416 τῶν

18 440 95 500 νεῶν
107 442 151 498 καί
165 443 253 513 σφέων
267 435 353 495 αυτῶν
365 435 550 539 κρησφύγετρν.

93 529 133 581 97.
158 523 249 582 Ταῦτα
262 523 324 595 βουλ
326 518 463 595 ευσάμενοι
478 519 614 597 ἀνήγοντο.
643 518 794 598 ἀπικόμενοι
807 525 834 580 δέ

20 602 106 682 παρά
122 603 153 664 τὸ
170 604 223 662 τῶν
235 609 368 666 Ποτνιέων
381 601 443 679 Ιἱρόν
461 605 506 675 τῆς
523 602 650 677 Μυκάλης
665 611 691 671 ἐς
709 602 834 670 Γαίσωνά

8 713 54 762 ζτε
70 689 115 745 καὶ
128 684 318 754 Σλεολοπόεντα,
338 687 369 763 τῇ
385 683 522 764 Δήμητρος
532 685 686 760 Ἐλευσινίης
700 691 755 745 ἐστὶ
769 685 833 763 ἱρόν,

9 770 56 832 Ἰτό
78 774 197 837 Φίλιστος
215 768 390 835 ὃΠασικλέος
408 767 535 845 ἱδρύσατο
554 775 652 846 Νείλεῳ
670 769 706 845 τῷ
725 767 834 846 Κόδρου

8 851 201 930 1ἐπισπόμενος
215 855 257 912 ἐπὶ
271 851 392 924 Μιλήτου
405 851 516 920 κτιστδν,
537 853 659 911 ἐνθαῦτα
673 851 761 918 τάςτε
775 856 834 918 νέας

7 937 169 1016 τυἰνείρυσαν
186 938 230 994 καί
244 934 427 1012 περιεβάλοντο
442 936 516 1011 έρκος
529 938 574 994 καί
587 940 672 993 λίθων
685 937 732 993 καί
743 933 833 1002 ξύλων,

7 1021 134 1098 ςδένδρεα
147 1017 300 1095 ἐκκόψαντες
313 1016 409 1094 ἥμερα,
430 1019 475 1076 καί
494 1017 629 1084 σκόλοπας
642 1020 702 1095 περὶ
715 1015 746 1076 τὸ
761 1019 834 1094 ἕρκος

7 1106 182 1173 ,κατέπηξαν
208 1103 253 1159 καὶ
266 1097 483 1176 παρεσκευάδατο
498 1099 532 1167 ὦς
544 1098 779 1178 πολιορκησόμενοι
789 1103 834 1158 καί

18 1186 60 1253 ὧς
80 1183 238 1257 νικήσοντες·
260 1181 303 1241 ἐπ’
319 1180 456 1261 ἇμφότερα
479 1183 656 1260 ἐπιλεγόμενοι
678 1181 732 1260 γάρ
748 1206 832 1262 παρε-

7 1265 183 1330 σκευάδατο.
346 1341 349 1346 Ι

8 1405 9 1408 ,
91 1357 133 1409 98.
163 1351 196 1410 Οἱ
218 1351 245 1408 δέ
258 1347 373 1422 ’Έλληνες
391 1347 425 1416 ὦς
448 1348 584 1410 ἐπέθεντο
607 1349 750 1425 οἷχωιιότας
773 1349 833 1416 τοὺς

20 1432 177 1512 βαρβάρους
193 1439 218 1500 ἐς
235 1431 282 1505 τὴν
299 1430 407 1510 ἤπειρον
411 1475 419 1503 ,
442 1430 562 1507 ἤχθοντο
581 1432 616 1500 ὥς
630 1432 831 1510 ἐκπεφευγότων,

20 1527 51 1579 ἐν
66 1515 165 1594 άπορίη
178 1539 206 1574 τε
218 1520 318 1589 οἴγοντο
332 1514 347 1576 ὅ
360 1540 385 1574 τι
399 1521 519 1585 ποιέωσι,
542 1522 592 1576 εἴτε
612 1514 834 1577 ἀπαλλάσσωνται

20 1602 114 1664 ὀπίσω
127 1604 355 1659 εἴτεκαταπλέωσι
368 1596 406 1658 ἐπ
420 1599 615 1673 Ἑλλησπόντου.
635 1599 744 1668 τέλοςδ
761 1603 832 1668 εδοξε

17 1683 125 1746 τοάτων
137 1687 183 1760 μέν
195 1686 322 1783 μηδέτερα
335 1687 443 1751 ποιέειν,
463 1688 587 1742 ἐπιπλέειν
601 1686 629 1742 δέ
643 1683 721 1743 τπδ’
696 1707 742 1757 την
755 1682 830 1757 η’πει-

18 1790 81 1853 ρον.
108 1764 374 1874 παρασκευασάμενοι
395 1787 432 1823 ων
453 1773 478 1833 ἐς
499 1771 645 1844 ναυμαχίην
665 1792 710 1825 και
700 1765 830 1840 ἆποβά·

18 1861 101 1928 θρας
114 1853 158 1907 και
172 1874 205 1908 τα
194 1847 312 1906 άλλα“
298 1869 368 1908 οσων
382 1850 447 1917 ἔδεε,
470 1851 561 1908 έπλεον
577 1852 620 1907 ἐπι
637 1873 682 1921 της
696 1847 830 1920 Μυκάλης.

19 1937 81 1996 ἐπεὶ
101 1935 129 1991 δέ
148 1931 232 2010 ἇγγοίι
252 1955 277 1990 τε
295 1937 409 2008 ἐγίνοντο
427 1931 476 1989 τοῦ
495 1933 675 2009 στρατοπέδου
692 1933 737 1988 καὶ
750 1929 833 1997 οὗδείς

20 2012 146 2092 ἐφαίνετό
162 2040 211 2090 σφι
224 2013 427 2092 ἐπαναγόμενος,
438 2011 503 2072 ἀλλὰ
517 2013 592 2092 ω’ρων
605 2018 664 2080 νέας
679 2011 830 2115 ἇνελκυσμέ-

21 2125 74 2166 νας
92 2101 145 2158 έσω
162 2123 210 2158 του
228 2102 336 2170 τείχεος,
358 2094 455 2156 πολλὸν
473 2100 501 2155 δέ
518 2095 596 2166 πεζόν
603 2100 833 2200 παρακεκριμένον

22 2180 115 2288 παρά
117 2180 163 2240 τόν
177 2179 309 2258 αἲγίαλὸν,
327 2181 448 2240 ἐνθαυτα
461 2204 566 2256 πρωτον
578 2184 625 2255 μέν
638 2179 708 2237 ἐν
677 2203 709 2256 τη
723 2183 770 2251 νηὶ
777 2201 831 2236 πα-

23 2257 181 2369 ραπλέωγ,’
168 2269 354 2342 εγχρίμψας
323 2289 360 2323 τω
346 2261 523 2340 αἲγιαλῶ
497 2288 528 2321 τα
541 2262 579 2339 μά
580 2267 663 2332 λιστα,
677 2264 835 2335 Λευτυχίδης

23 2347 81 2409 υπὸ
105 2371 228 2450 κηρυκος
237 2345 400 2452 προηγόρευε
425 2353 496 2404 τοῖσι
517 2345 589 2406 Ἴωσι
607 2350 704 2423 λέγων·
730 2342 835 2422 ’Ἀνδρες

20 2431 120 2499 Ἴωνες,
140 2429 201 2490 ὅσοι
214 2428 297 2507 υμέων
309 2427 471 2505 τυγχάνουσι
483 2427 665 2496 ἐπακούοντες,
683 2426 787 2504 μάθετε
800 2425 834 2485 τά

25 2521 106 2592 λέγω·
131 2511 235 2580 πάντως
252 2511 305 2621 γάρ
324 2512 399 2571 οὐδὲν
423 2511 567 2584 συνήσουσι
584 2516 689 2590 Πέρσαι
711 2510 763 2568 τῶν
784 2506 835 2585 ἐγὼ

24 2599 88 2674 υμῖν
106 2602 258 2673 ἐντέλλομαι.
284 2596 366 2654 ’ἐπεάν
389 2599 584 2672 συμμίσγωμεν,
606 2593 761 2696 μεμνῆσθαί
775 2613 834 2649 τινα

23 2679 78 2761 χρη
97 2685 245 2758 ἐλευθερίης
261 2683 308 2758 μέν
323 2675 429 2737 πάντων
446 2679 562 2755 πρῶτον,
583 2677 650 2757 μετὰ
667 2679 696 2738 δὲ
708 2699 757 2736 του
770 2697 832 2734 συν·

62 2768 178 2814 Ηεωου.
196 2769 244 2813 111.
606 2765 629 2819 Q
