2010 2922
266 195 338 242 LIB.
360 195 408 244 Vl.
436 193 514 242 cAP.
536 192 690 245 47-22..
769 197 776 207 “
844 194 894 248 173

92 296 145 362 ἵν’
134 310 216 377 Αμπη
230 293 302 368 πόλι,
324 297 391 378 παρ’
406 298 439 372 ἣν
459 302 552 378 Τίγρης
569 300 687 403 ποταμὸς
703 307 858 382 παραρρέων
868 311 895 372 ές

38 385 42 390 ’
90 381 242 443 θάλασσαν
264 385 329 448 έξίει
356 383 401 454 τῆς
418 385 447 441 δέ
464 389 593 456 Μιλησίης
607 383 694 492 χώρης
712 383 787 445 οὗτοί
805 391 850 462 μέν
868 389 895 446 οἶ

93 470 200 567 Πέρσαι
220 461 290 538 εἷ’χον
306 462 340 522 τὰ
357 467 417 542 περὶ
434 463 479 537 τὴν
497 465 572 526 πόλιν
587 470 631 526 καί
647 491 678 526 το
668 465 843 538 πεδίον,
812 492 846 527 τα
864 471 893 528 δέ

90 546 238 627 τοτεροίκρια
251 549 347 607 ἔδοσαν
359 549 450 626 Καρσί
463 550 620 622 Πηδασεῦσι
632 549 768 622 ἐκτῆσθαι.

153 673 194 722 21.
215 667 349 726 Παθοδοι
366 669 393 726 δέ
409 667 494 726 ταῦτα
511 671 665 740 Μιλησίοισι
673 663 750 746 πρὸς
767 671 892 746 Περσέων

89 743 140 807 οίικ
158 745 335 808 ἇπέδοσαν
308 771 355 822 την
374 749 464 826 ὁμοίην
482 751 638 851 Σηβαριται,
666 774 692 809 οι
680 747 786 809 “Λοίον
802 774 830 808 τε
846 753 891 809 και

89 832 204 907 Σκίδρον
226 835 310 891 οι’κοο’ν
331 833 376 906 τῆς
397 831 525 900 πόλιος’
509 836 716 933 απεστερημένοι.
759 829 890 909 Συβάριος

87 910 145 988 χὰρ
164 909 276 985 ἁλούσης
293 913 345 974 απὸ
359 919 556 993 Κροτωνιητέων
573 913 701 988 Μιλήσιοι
717 913 813 982 πάντες
819 913 888 989 ηβη-

89 991 177 1054 δὸν’
163 999 328 1074 απεκιίρανιο
346 995 395 1064 τὰς
412 996 525 1082 κεφαλὰς
542 1021 586 1056 και
577 999 706 1064 πένθος
723 1003 790 1074 μέχα
808 1019 887 1074 προε-

87 1071 224 1148 θηκαντο·
245 1077 374 1146 πόλιες
342 1103 395 1156 χαρ
409 1083 488 1138 αίπαι
499 1067 612 1156 μάλιστα
626 1077 706 1152 δη
671 1102 722 1137 των
734 1103 805 1180 ημεις
818 1081 890 1154 ίδμυ

89 1157 216 1236 ἆλλήλησι
237 1160 431 1235 ἐξεινώθησαν·
462 1159 573 1222 οοδένε
560 1166 653 1238 ομοίως
675 1163 720 1220 καί
736 1159 887 1233 Ἀθηναῖοι·

84 1240 227 1318 Ἀθηναῖοι
239 1249 285 1319 μέν
298 1242 351 1322 χᾶρ
368 1245 445 1316 δῆλον
457 1249 583 1317 ἐποίησαν
595 1243 888 1321 ὕπεροχθεσθέτες”
855 1267 888 1320 τη

89 1323 211 1397 Μιλητοο
223 1324 359 1385 ἁλώσει
327 1352 359 1404 τη
373 1350 401 1386 τι
415 1323 478 1404 ἄλλη
492 1325 620 1404 πολλαχῇ,
642 1349 686 1384 και
677 1324 736 1398 δὴ
753 1327 798 1383 καί
811 1345 887 1398 ποιη-

89 1429 168 1468 σαντι
184 1413 300 1486 Φρυνίχῳ
314 1410 402 1488 δρᾶμα
416 1407 581 1482 ΜιλήτοωἻ
549 1436 566 1468 α
582 1431 646 1467 ωσιν
663 1433 707 1468 και
697 1405 889 1474 διδώξαντιές

88 1487 192 1567 δακροοί
205 1513 233 1549 τε
247 1493 323 1550 έπεσε
335 1490 366 1551 τὸ
379 1496 494 1592 θέητρον
505 1517 550 1550 και
541 1489 704 1568 ἐζημίωσάν
716 1513 760 1568 μιν
773 1490 807 1557 ώς
821 1487 886 1548 ἄνα·

86 1595 226 1646 μνησαντα
243 1573 328 1648 οέκηϊα
345 1573 413 1634 κακὰ
426 1580 524 1650 χιλίησι
537 1575 681 1676 δραχμῇσι,
707 1597 752 1633 και
742 1575 889 1640 ἐπέταξαν

84 1659 177 1732 μηκέτι
188 1658 285 1733 μηδένα
294 1657 421 1734 χρᾶσθαι
433 1656 516 1734 τούτῳ
528 1682 564 1735 τηι
551 1657 696 1736 δράματι.

153 1803 194 1854 22.
216 1799 331 1869 Μίλητος
348 1800 394 1872 μέν
411 1817 457 1855 νον
474 1801 611 1896 Μιλησίων
629 1793 754 1873 έρήμωτο·
781 1799 892 1872 Σαμίων·

90 1880 119 1937 δέ
131 1881 201 1937 τοῖσί
211 1903 237 1937 τι
254 1881 342 1952 έχουσι
358 1876 389 1938 τὸ
402 1883 448 1956 μέν
466 1885 490 1946 ές
503 1877 565 1946 τοὺς
578 1875 689 1950 Μήδους
703 1885 729 1936 &a
741 1875 793 1936 τών
806 1901 887 1977 στρα-

89 1960 196 2062 τηχών
194 1961 245 2020 τών
263 1964 393 2037 σφετέρων
409 1965 525 2034 ποιηθέν
543 1957 697 2045 οοδαμῶς”
678 1981 782 2036 ηρεσκε,
805 1957 888 2018 ἐδόκει

90 2045 120 2102 δέ
137 2041 201 2119 μετὰ
219 2067 265 2114 την
282 2047 425 2144 ναυμαχίην
444 2041 537 2100 ααιίκο
554 2039 771 2118 βουλευομένοισι,
794 2044 856 2118 πριν
871 2067 889 2110 η

91 2149 142 2200 σφι
155 2133 180 2192 ές
196 2148 244 2197 την
259 2123 347 2202 χώρην
364 2123 512 2186 ἀπικέσθαι
528 2123 574 2184 τὸν
590 2121 717 2200 τύραννον
730 2121 842 2192 Αἰάκεα,
863 2129 889 2190 ές

91 2207 214 2280 ἂποικίην
227 2211 336 2266 ἐκπλέειν
348 2209 411 2283 μηδέ
428 2211 549 2282 μένοντας
563 2205 683 2278 Μήδοισί
698 2229 726 2264 τε
742 2208 787 2264 καί
799 2202 892 2264 Αιέκιῖ

91 2287 229 2350 δουλεύειν.
271 2295 410 2366 Ζαχιιλοῖοι
427 2287 480 2367 χὰρ
498 2291 524 2348 οέ
542 2287 595 2348 ἀπὸ
615 2292 735 2361 Σαελίης
744 2286 791 2348 τὸν
809 2285 890 2347 αιἰτὸν

89 2370 191 2450 χρόνον
208 2372 302 2432 τοῦτον
319 2375 461 2448 πέμποντες
479 2377 503 2438 ές
520 2367 566 2444 την
579 2369 675 2443 Ἰωνίην
693 2369 817 2447 ἆχχέλοος
831 2375 888 2428 έπιῑ

91 2459 216 2516 καλέοντο
233 2453 294 2521 τοὺς
303 2451 392 2520 Ἴωνας
410 2461 435 2520 ές
452 2451 655 2526 ΚαληνἎκτην,
671 2451 828 2556 βοολόμρροι
839 2451 888 2510 αιί-

91 2533 162 2598 τόθι
179 2535 254 2597 πόλιν
271 2541 357 2596 κτίσαι
371 2533 484 2595 Ιώνων·
501 2561 518 2608 η
506 2534 564 2594 “δέ
580 2534 657 2608 Καλὴ
671 2533 745 2608 Ἀκιὴ
763 2534 828 2608 αὕτη
840 2559 889 2592 κα-

93 2624 231 2720 λοομένηέ
231 2621 274 2679 στί
289 2625 335 2695 μέν
353 2620 475 2687 Σικελῶν,
492 2616 562 2706 πρὸς
580 2620 608 2677 δέ
624 2623 765 2695 Ίωρσηνίην
770 2627 890 2726 τέτραμ·

94 2703 200 2774 ιιένη
170 2726 215 2776 της
228 2706 351 2776 Σικελίης
375 2699 472 2761 τοώτων
485 2703 521 2760 ών
539 2703 780 2778 έπικαλεομένοιν“
754 2727 779 2762 οι
797 2697 892 2773 Σαμιοι
