2204 3010
204 126 252 176 226
494 123 695 173 HERODOTI

206 227 364 309 δασμένος’
351 227 426 308 ανήρ·
456 228 520 296 ὄκνος
538 232 567 288 δέ
582 251 625 305 μιν
643 230 766 286 ἐπιλείποι
782 221 891 283 πίνοντά
912 245 940 282 τε
957 225 1006 283 καλ

206 315 374 374 εὐπαθέοντα
391 311 425 370 τά
443 311 574 384 ἐπιτήδεα,
601 305 766 369 κλέπτεσκε
748 332 781 366 αν
793 304 921 405 περιιόν.
933 305 1001 365 οἶδ’

130 443 131 454 ,
207 395 240 454 ἀν
256 419 300 474 μιν
317 394 428 470 φάμενοι
446 397 510 468 έχειν
527 391 561 452 τά
579 397 691 498 σφέτερα
706 413 828 494 χρηματα
845 385 1004 492 ἀρνεύμενον

207 477 317 556 ἀγεσκον
330 480 372 535 ἐπὶ
384 476 508 552 μαντήϊον
522 473 584 534 ὅκου
595 473 727 532 ἑκάστοισι
739 473 786 547 ε’ίη.
813 469 895 530 πολλὰ
907 474 954 547 μέν
968 470 1003 544 δὴ

205 587 250 620 και
241 558 405 618 ἀλίοκετο”
391 557 443 617 υπὸ
457 558 508 616 τῶν
519 557 661 632 μαντηίων,
687 554 770 614 πολλὰ
784 557 811 612 δέ
822 557 866 612 και
879 552 1001 654 ἀποφεύ-

206 667 288 720 γεσκε.
317 645 372 700 έπεί
382 664 409 698 τε
423 642 450 697 δέ
463 664 505 697 και
497 639 675 716 ἐβασίλευσε,
694 640 798 708 ἐποίησε
811 634 950 706 τοιάδε·“
939 635 1004 736 ρ’σοι

205 730 252 800 μέν
265 723 345 782 αάτόν
357 723 408 780 τῶν
421 723 494 821 δρῶν
507 718 639 778 ἀπέλυσαν
652 718 687 797 μὴ
704 720 781 796 φῷρα
799 715 875 786 εἶναι,
899 715 1003 778 τοότων

206 811 251 882 μέν
268 807 318 862 τόν
337 806 397 880 ίρῶν
416 801 473 860 οάτε
489 801 666 878 ἐπεμέλετο
640 801 698 861 οότε
718 808 772 868 ές’
759 799 893 872 επισιιευὴν
914 803 1002 860 ἐδίδου

208 887 288 954 οὐδέν,
307 885 367 944 οὐδὲ
379 889 486 958 φοιτέων
500 883 596 943 έθυε
577 907 611 950 ως
625 881 782 950 οιίδενός’”
740 909 812 943 εουσι
826 881 868 950 ἀξί
868 907 920 942 οισι
931 904 1000 960 φευ-

208 972 254 1027 δέα
275 991 303 1026 τε
321 965 432 1043 μαντήϊα
452 971 638 1042 κεκτημένοισι·
665 965 725 1026 ὅσοι
746 969 775 1026 δέ
793 989 836 1042 μιν
855 968 1003 1038 κατέδησαν

208 1051 285 1128 φῶρα
306 1047 379 1118 εἶναι,
404 1048 501 1109 ταίπων
523 1047 588 1107 66
569 1073 603 1116 ως
624 1047 742 1121 ἀληθέως
761 1050 835 1114 θεῶν
850 1047 941 1108 έόντων
957 1053 1004 1108 καὶ

209 1133 322 1210 ἀψευδέα
334 1132 445 1210 μαντήϊα
458 1135 637 1210 παρεχομένων
649 1131 682 1190 τά
694 1130 806 1208 μάλιστα
820 1135 960 1207 ἐπεμέλετο.

270 1225 327 1274 175.
348 1220 405 1275 Καὶ
417 1217 494 1276 τοότο
507 1219 553 1291 μέν
566 1221 592 1274 ἐν
605 1213 660 1274 Σάῖ
669 1216 700 1290 τῇ
710 1213 837 1291 Ἀθηναίη
848 1211 1003 1291 προπύλαια

208 1297 356 1374 θαυμάσιοί
369 1301 395 1356 αἱ
407 1303 546 1370 ἐξεποίησε,
564 1296 660 1356 πολλόν
670 1295 771 1363 πάντας
784 1295 1005 1374 ὑπερβαλλόμενος

209 1383 245 1456 τῷ
258 1405 285 1438 τε
297 1379 361 1456 ἀφεῖ
370 1381 414 1438 καὶ
425 1381 461 1454 τῷ
473 1379 599 1456 μεγάθεϊ,
625 1379 694 1439 όσων
705 1403 733 1438 τε
744 1378 774 1439 τό
785 1384 905 1458 μέγαθος
917 1384 1006 1440 λίθων

210 1464 264 1520 ἐστὶ
277 1464 321 1520 καί
333 1461 423 1520 ὁκοίων
435 1466 509 1519 τέων·
534 1463 612 1521 τοάτο
626 1465 653 1520 δέ
666 1461 808 1531 κολοσσοὺς
820 1461 947 1540 μεγάλους
960 1468 1007 1522 καί

210 1540 404 1620 ἀνδρόσφιγγας
415 1541 568 1621 περιμήκεας
581 1542 705 1616 ἀνέθηκε,
726 1550 818 1612 λίθους
834 1569 861 1604 τε
874 1541 968 1612 ἀλλους
981 1554 1006 1614 ἐς

209 1624 343 1696 ἐπισκευὴν
358 1624 504 1734 ὑπερφυέας
519 1625 550 1686 τό
568 1631 690 1704 μέγαθος
712 1627 820 1705 ἐκόμισε.
845 1625 960 1704 ἠγάγετο
979 1633 1008 1687 δέ
1035 1695 1036 1698 ¹

209 1705 305 1766 τυότων
322 1705 383 1774 τοὺς
398 1713 444 1784 μέν
460 1715 487 1767 ἐκ
503 1710 553 1768 τῶν
569 1708 637 1768 κατά
650 1715 758 1812 Μέμφιν
771 1715 879 1770 ἐουσέων
891 1714 1004 1772 λιθοτο-

208 1794 294 1888 μιέφν,
322 1789 382 1856 τοὺς
405 1793 432 1849 δέ
452 1791 652 1898 υπερμεγάθεας
673 1799 700 1859 ἐξ
717 1791 892 1866 Ελεφόιντίνης
912 1790 1007 1861 πόλιος

208 1869 290 1931 πλόον
301 1875 345 1931 καί
357 1878 439 1933 εἴκοσι
437 1873 566 1976 ημερέφν
584 1873 731 1947 ἀπεχούσης
748 1873 801 1934 ἀπὸ
815 1873 902 1941 Σάῖος.
930 1874 962 1934 τό
978 1880 1006 1934 δέ

210 1952 255 2013 αάκ
271 1979 364 2026 ηκιστα
381 1955 466 2015 αάτῶν
484 1955 548 2016 ἀλλά
563 1955 675 2033 μάλιστα
688 1955 868 2033 δοκιμάζω,’
855 1981 909 2016 εστι
900 1955 1004 2016 τάδε·

210 2043 302 2115 ολίιημα
314 2037 505 2116 μουνόλιθον’
491 2039 592 2144 εκόμισε
603 2045 646 2146 ἐξ
645 2039 818 2114 Ἐλεφαντίνης
835 2037 936 2110 πόλιος,
958 2045 1007 2099 καὶ

209 2122 286 2180 τοῦτο
299 2121 453 2199 έκόμιζον“
423 2145 469 2199 μεν
481 2120 550 2180 ἐπ”
535 2147 592 2182 ετεα
605 2127 692 2206 τρία,
695 2126 812 2196 δισχίλιοι
823 2125 889 2180 66‘
863 2147 888 2180 οι
873 2145 1002 2206 προσε-

208 2202 334 2278 τετάχατο
351 2202 468 2282 ἀνδρες
453 2209 576 2310 ἀγωγέες,
604 2206 648 2262 καὶ
661 2230 733 2264 ουτοι
745 2203 859 2271 ἀπαντες
870 2207 941 2276 ἠσαν
955 2229 1003 2262 κυ-

209 2289 334 2361 βερνῆται
362 2289 406 2359 τῆς
427 2289 455 2345 δέ
476 2293 566 2388 στέγης
586 2286 680 2359 ταότης
696 2287 726 2346 τό
745 2293 790 2363 μέν
807 2288 886 2367 μῆκος
901 2287 1006 2352 ἔξωθεν

210 2373 264 2423 έστι
275 2375 311 2433 είς
321 2393 348 2427 τε
361 2371 405 2427 καὶ
418 2375 498 2428 εἰκοσι
508 2369 618 2472 πήχεες,
637 2361 710 2474 εὖρος
724 2373 751 2429 δέ
764 2371 1006 2447 τεσσερεσκαίδεκα,

208 2445 275 2546 ἀφος
288 2449 401 2508 δέονταί.
426 2454 509 2511 ταότα
523 2456 571 2552 μέν
589 2449 622 2508 τό
638 2457 718 2530 μέτρα
737 2453 882 2520 ἔξωθεν
852 2476 896 2524 της
909 2455 1007 2527 στέγης

208 2531 252 2597 τῆς
263 2536 425 2602 μουνολίθου
438 2533 532 2602 ἐατέ’
517 2532 584 2611 ατὰρ
597 2534 738 2593 έσωδεν
713 2561 743 2595 τα
754 2557 834 2612 μηκας
848 2532 1004 2594 ὀκτωκαίδε-

208 2631 240 2664 κα
257 2615 358 2682 πηχέων
375 2616 419 2671 καὶ
435 2613 560 2691 πυγόνος,
585 2613 616 2674 τὸ
634 2608 707 2676 66³
679 2643 754 2696 ευρος
766 2616 878 2677 δυωδεκα
890 2619 1006 2690 πηχέων,
