2204 3010
204 137 253 189 158
500 133 703 183 HERODOTI

204 265 251 311 τας
264 251 291 303 ἐν
303 249 372 302 τοῖσι
387 242 542 348 εἰρημένοισι
559 241 657 299 ἔθνεσι.
684 239 831 346 εἰρομένου
834 241 864 300 δέ
878 263 926 318 μευ
939 239 1002 302 ὀνά-

203 335 256 386 θιν
270 350 337 385 ουτω
352 323 472 402 ἀτρεκέως
490 321 664 426 ἐπιστάμενοι
672 325 824 398 λέγουσι,’
815 326 919 398 έφασαν
935 323 1005 403 πρὸς

203 410 287 468 ταῦτα
302 407 404 481 ζητησιν
416 403 558 514 μεγάλην
544 403 597 464 απὸ
612 408 698 512 σφέων
710 407 887 482 γενέσθαι
852 429 903 464 των
910 430 1001 484 γυναι

203 491 255 550 τάν
271 495 393 558 τουτέων,
420 492 464 548 καλ
483 487 597 565 ἀνευρεῖν
609 492 655 563 μέν
668 511 751 562 σφεας
766 513 798 546 ου
785 486 987 550 δυνατολέ
929 494 1002 566 γενέ-

205 581 287 642 σθαι,
314 576 460 632 πυθέσθαι
477 568 533 629 δέ”
516 593 627 648 υστερον
639 576 723 630 ταυτα
736 572 797 650 περι
811 569 907 632 αάτέων
918 571 1004 649 τάπερ

204 655 343 732 ανον

266 747 306 797 55.
332 738 421 796 Ταάτα
441 741 487 814 μέν
508 759 553 795 νον
574 735 625 794 τῶν
643 743 669 794 ἐν
690 735 819 813 Θήβησιε
810 731 1000 838 ιριλονῆιισυον·

161 819 163 824 ’
203 819 265 878 τάδε
279 824 306 878 δὲ
320 822 480 878 Δωδωναιων
492 820 561 892 φασι
575 843 604 876 αι
616 817 782 896 προμάντιες,
806 817 852 878 δύο
866 816 1004 886 πελειάδας

202 905 354 980 μολαίνας’
341 925 367 959 εκ
389 901 543 976 Θηβέων
509 923 560 959 των
576 901 737 978 Αἰγυπτιέων
756 899 938 978 ἀναπταμένας
954 901 1004 974 τὴν

202 989 248 1060 μὲν
262 983 358 1042 αι’ντέων
372 982 521 1058 έςΛιβάην,
547 1007 595 1084 την
612 986 640 1042 δι’
657 981 733 1061 παρὰ
751 987 833 1058 σφέας
847 982 1003 1054 ἀπικέσθαι,

203 1071 317 1174 ἱζομένην
335 1070 363 1126 δι’
378 1091 437 1144 μιν
439 1069 481 1126 ιπλ
502 1065 588 1143 φηγὸν
606 1065 780 1133 αὐδάξασθαι
797 1090 873 1150 φωνν
893 1065 1002 1145 ἀνθρω-

203 1152 279 1252 πηλη,
288 1174 323 1217 ως
334 1148 417 1228 χρεὼν
430 1155 469 1224 εἴη
481 1149 606 1227 μαντήϊον
620 1147 719 1208 αάτάθι
733 1147 797 1216 Διὸς
808 1141 945 1226 γενέσθαι,
959 1153 1004 1209 καλ

204 1231 298 1300 αυτοδς
319 1233 459 1309 ἀπολαβεῖν
479 1239 559 1292 θεῖον
580 1229 646 1292 ειναι
667 1231 697 1290 τὸ
716 1230 984 1310 ἐπαγγελλόμενον
953 1259 1003 1292 αυ-

202 1323 279 1384 τοῒσι,
293 1321 338 1374 καί
351 1340 434 1391 σφεας
448 1323 474 1374 ἐκ
487 1314 581 1375 τούτου
594 1339 711 1388 ποιησαι.
738 1313 785 1388 τὴν
798 1318 852 1374 δὲ’
839 1339 864 1382 ες
877 1339 937 1384 τους
951 1321 1005 1375 Λί-

203 1400 267 1472 βυας
285 1400 419 1474 οἰχομένην
436 1397 558 1456 πελειάδα
575 1403 678 1475 λέγουσι
691 1395 825 1476 ’Ἀμμωμος
846 1396 1006 1477 χρηστήριον

203 1479 321 1538 κολεάσαι
338 1479 399 1546 τοὺς
416 1483 517 1555 Λίβυας
534 1485 640 1540 ποιέειν·
669 1483 724 1540 ἔστι
742 1485 769 1540 δὲ
782 1482 915 1541 καὶτοῦτο
931 1480 1004 1548 Διός.

205 1565 365 1620 Δωδωναίων
378 1565 405 1620 δέ
420 1565 448 1620 αἱ
462 1562 548 1640 ἱρήϊαι,
567 1564 618 1666 τῶγ
630 1565 662 1642 τῇ
676 1563 842 1642 πρεσβυτάτῃ
858 1561 957 1640 οάνομα
971 1555 1006 1637 ἦν

204 1649 363 1722 Προμένεια,
382 1669 413 1721 τη
401 1646 456 1704 δι’
468 1644 534 1723 μετὰ
547 1644 627 1720 αιἰτην
644 1652 783 1725 Τιμαρέτη,
801 1671 833 1724 τη
820 1649 874 1706 δέ
887 1645 1005 1723 νεωτάτῃ

206 1726 351 1804 Νικάνδρη,
379 1729 465 1805 ἔλεγον
482 1729 577 1787 ταῦτα’
606 1729 801 1808 συνωμολόγεον
817 1733 847 1790 δέ
859 1753 907 1805 σφι
919 1731 964 1788 καλ
979 1737 1007 1789 οἳ

204 1807 276 1872 ἄλλοι
290 1812 479 1870 Δωδωναιοι
453 1837 479 1870 οι
491 1814 551 1889 περὶ
563 1809 594 1872 τὸ
609 1812 672 1890 ἱράν.

266 1899 308 1952 56.
335 1890 489 1997 3Ἐγιι“ιδ”
473 1918 522 1967 εγω
544 1898 603 1972 περὶ
625 1894 721 1954 αάτέων
740 1895 845 2001 γνώμην
865 1895 947 1967 τηιδε
982 1898 1007 1954 εἰ

205 1973 371 2080 ἀληθέωςε
345 2000 371 2034 οι
396 1981 509 2044 Φοίνικες
530 1977 703 2080 έξὴγαγφν“
674 2003 721 2045 τας
740 1979 797 2056 ἱράς
818 1985 942 2055 γυναῖκας
959 1983 1007 2037 καλ

203 2056 250 2130 τὴν
262 2063 307 2134 μέν
322 2055 417 2118 ατίτέων
430 2066 455 2126 ἐς
467 2058 633 2134 Λιβύην,
607 2085 653 2133 την
671 2063 728 2120 δὲ’
716 2086 740 2128 ες
757 2060 804 2133 τὴν
813 2058 950 2122 Ἑλλάδα’
936 2066 1004 2161 υπέ-

204 2143 293 2210 δονιο,
316 2143 396 2200 δοκέει
409 2141 492 2219 έμολε
477 2167 494 2215 η
507 2141 571 2220 γυνὴ
586 2142 651 2216 αὕτη
668 2168 712 2216 της
725 2167 770 2204 νυν
781 2142 914 2212 Ἑλλάδος,
932 2142 1004 2220 πρό-

203 2246 278 2299 τερον
292 2226 319 2282 δέ
333 2229 482 2301 Πελασγίης
495 2227 689 2331 καλευμέγης
659 2251 704 2299 της
717 2224 796 2299 αάτης
808 2225 914 2299 ταύτης,
932 2247 1002 2301 πρη-

203 2307 330 2376 θῆναι’
316 2330 342 2372 ες
372 2307 560 2385 Θεσπρωτούς,
598 2311 687 2368 ἔπειτα
713 2307 875 2368 δουλεύουσα
902 2306 1006 2366 αάτόθι

205 2386 402 2462 ἱδρύσασθαιι
388 2388 441 2448 υπὸ
458 2391 533 2466 φηγῷ
551 2395 677 2468 πεφυκυλη
692 2390 783 2460 Διὸςε
773 2390 841 2469 ιρὸν,
868 2389 957 2490 ω”σπερ
971 2380 1006 2463 ἦν

205 2465 274 2534 οἰκὸς
288 2467 518 2543 ἀμφιπολεύουσαν
531 2479 558 2530 ἐν
575 2472 726 2550 ΘήβησιΗ
691 2496 747 2552 ιρον
761 2473 835 2542 Διὸς,
854 2471 953 2574 ἴγθα
939 2477 1003 2530 απί-

203 2571 273 2618 mo,
302 2553 420 2610 ἐνθαῦτα
410 2577 536 2649 μνημην
554 2552 634 2614 αάτου
649 2558 720 2630 ἒχειν.
748 2563 775 2616 εἰι
789 2559 816 2614 δέ
829 2553 923 2615 τοάτου
933 2580 1002 2632 γρη-

204 2629 310 2710 πήριον
321 2629 494 2712 κατηγήσατο,
504 2641 559 2696 ἐπελ
570 2661 598 2698 τε
611 2638 771 2716 manee
745 2663 791 2712 την
795 2635 901 2702 Ελλάδα
913 2639 1003 2715 γλῶσ-
