1976 3008
161 131 195 184 76
453 133 656 180 HERODOTI

161 241 251 298 ταῦτα.
279 234 386 338 γράψας
399 244 424 304 ἐς
437 237 571 312 βιβλίον
546 263 580 296 τοι
593 235 667 312 ίβοάλ
669 259 719 304 ετσ,
734 235 854 310 άλίην
819 260 872 295 των
887 251 974 319 Περ

162 326 228 380 σέων
250 318 408 392 ἐποιήσατο,
435 317 500 422 μετά
522 323 550 379 δέ
560 317 726 390 ἀναπτύξας
746 319 777 379 τὸ
800 321 902 394 βιβλίον
929 348 974 382 κο

160 402 373 479 ἐπιλαμάμενος’
364 406 412 477 ἔφη
436 401 581 506 Ἀστυάγεά
605 425 648 478 μιν
670 401 817 504 στρατηγὸν
835 411 974 480 Περσέω

162 483 349 587 ἀποδεικνύναι.
384 485 481 554 N5v,’
466 509 513 559 εφη
527 509 555 544 τε
567 490 653 562 λέγων,
672 507 693 542 ω
706 489 831 562 Πέρσαι,
837 508 972 563 προαγο

160 567 226 647 ροάω
243 568 302 668 ὑμῖν
319 575 439 669 παρεῖνμι
457 568 567 627 ἕκαστον
584 570 676 640 ἔχοντα
694 569 828 644 δρέπανον.
846 571 974 668 Κῦρο

159 657 207 730 μέν
219 653 304 712 ταῦτα
316 649 503 728 προηγόρευσε
527 653 582 710 ἔστι
595 654 623 709 δέ
635 655 759 727 Περσέων
773 647 857 723 συχνά
874 655 974 725 γένεο

161 737 206 793 καλ
223 732 257 792 τά
275 738 320 810 μέν
340 731 425 792 αδτῶν
439 731 456 792 5
467 733 557 836 Κῦρος
571 732 693 792 συνάλισε
706 735 750 790 καί
764 730 884 791 ἀνέπεισε
897 730 974 795 ἀπί

162 813 319 875 στασθαι
305 813 358 874 απὸ
373 813 523 887 Μήδων.’
514 819 569 872 έστι
582 818 609 873 δὲ
622 813 693 884 τάδε,
707 819 766 882 ἐξ
748 805 785 872 ὧν
799 805 874 873 ὧλλοι
887 815 974 876 πάν-

161 921 202 963 τες
216 897 338 974 ἀρτέαται
364 901 481 972 Πέρσαι,
509 896 699 1004 Πασαργάδαι,
718 896 867 974 Μαράφιοι,
891 900 974 958 Mo}

162 1001 247 1040 σπιοι·
275 976 374 1037 τούτων
387 978 605 1056 Πασαργάδαι
583 982 633 1040 τισί
648 976 762 1056 ἀριστοι,
789 987 817 1038 ἐν
833 985 903 1038 τοῖσι
919 1005 970 1041 κα

159 1062 365 1162 Ἀχαιμενίδαι’
343 1064 394 1120 εισλ
406 1087 514 1140 φρνμρη,
524 1064 602 1121 ἔνθεν
616 1087 641 1121 σι
632 1064 769 1137 ‘flaccidae
783 1064 974 1138 σιΠερσεῖδα

161 1143 295 1222 γεγόνασι.
328 1139 399 1204 ἀλλσι
422 1148 449 1204 δέ
470 1149 595 1246 Πέρσαι
596 1146 646 1204 εἰσί
669 1147 739 1214 σι’δε,
767 1149 969 1206 Πανθιαλαῖοι

165 1233 347 1306 Δηρουσιαλοι,
376 1225 522 1306 Γερμάνιοι.
563 1219 636 1288 οὗτοι
655 1231 702 1304 μέν
722 1225 816 1294 πάντες
838 1224 974 1305 ἀροτῆρέ

163 1311 224 1379 εἰσι,
253 1336 279 1370 οι
269 1311 319 1369 55
333 1307 539 1386 ἀλλοινομάδες,
567 1309 648 1379 Δάοι,
675 1309 797 1386 Μάρδοι,
824 1315 974 1384 Δροπικοὶ

162 1390 315 1469 Σαγάρτιοι.

225 1479 283 1530 126.
299 1471 345 1536 Ὡς
363 1473 392 1528 δέ
399 1471 555 1571 παρῆσαν
552 1468 665 1570 ἀπαμτες
682 1473 781 1543 ἔχοντες
793 1470 824 1530 τὸ
838 1494 973 1551 προειρη

162 1561 247 1627 μένον,
261 1550 408 1612 ἐνθαέιτα
394 1577 409 1610 ο
423 1552 512 1628 Κῦρος
526 1542 569 1622 (ἦν
581 1550 634 1628 γάρ
647 1575 684 1618 τις
689 1553 775 1630 χῶρος
783 1553 973 1654 τῆςΠερσικῆς

165 1631 356 1706 ἇιιανθοίδπς”
341 1655 407 1694 οσον
424 1655 452 1692 τε
470 1640 512 1734 ἐπι
504 1632 701 1694 ὀκτωκαίδεκα
715 1634 866 1703 σταδίους
849 1661 865 1709 η
878 1642 973 1704 είλιοσι

163 1719 260 1796 πάντη)
282 1715 375 1776 τουτόν
397 1739 446 1789 σφι
466 1714 513 1776 τὸν
528 1717 615 1794 χῶρον
631 1741 742 1798 προειπε
759 1720 917 1797 ἐξημερῶσαι
941 1732 973 1784 ἐν

162 1803 251 1878 ιμιέρῃ.
279 1797 477 1858 ἐπιτελεσάντων
494 1801 573 1858 55
538 1822 590 1858 των
602 1807 727 1904 Περσέων
739 1801 785 1863 τὸν
797 1805 973 1880 προκείμενον

165 1883 273 1952 ἀεθλον,
287 1879 395 1959 δεύτερά
409 1905 458 1956 σφι
470 1889 581 1960 προεῖπε
593 1882 658 1952 ές
631 1908 678 1957 την
691 1884 828 1994 δστεραίημ
840 1892 973 1960 παρειναι

164 1971 334 2043 λελουμένους
353 1971 379 2024 έν
393 1967 421 2024 δέ
433 1963 517 2041 τσάτοι
530 1963 564 2024 τά
576 1991 604 2026 τε
618 1966 723 2028 αἰπόλια
736 1971 781 2026 καὶ
793 1967 839 2034 τὰς
851 1971 973 2042 ποίμνας

164 2052 209 2110 ταί
222 2074 256 2108 τα
245 2045 423 2123 βουκόλια
409 2023 528 2127 οΚίιράς
545 2047 694 2110 πάντατοῦ
706 2048 808 2129 πατρὸς
822 2055 973 2121 συναλίσας

166 2130 285 2200 ίςτωάτὸ
304 2133 369 2190 5555
386 2133 430 2188 καὶ
442 2130 618 2209 παρεσκεύαζε
631 2131 666 2198 ὦς
679 2132 812 2208 δεξόμενος
824 2133 874 2190 τῶν
886 2145 969 2210 Περ.

167 2220 232 2276 σέων
245 2213 291 2276 τὸν
305 2211 430 2292 στρατὸν,
448 2213 514 2292 πρὸς
528 2217 556 2274 δέ
570 2220 630 2290 οἴνῳ
643 2217 728 2273 τεκαὶ
741 2219 844 2274 σιτίοισι
857 2213 890 2282 ὥς
903 2222 966 2275 ἐπι-

165 2296 355 2370 τηδεωτάτοισι.
377 2294 545 2372 ἀπικομένους
559 2298 630 2354 55
598 2321 631 2374 τῃ
644 2295 767 2374 ὑστεραίῃ
781 2297 841 2364 τσδς
854 2302 970 2374 Πέρσας

166 2386 348 2446 ιιατανλίνας’
335 2403 360 2446 ες
377 2380 487 2455 λειμωνα
504 2377 601 2451 εέωχεε.
630 2383 686 2436 ἐπεί
701 2403 729 2438 τε
747 2379 803 2438 δέ’
788 2405 842 2439 απο
832 2378 968 2445 ’δείπνου

165 2465 243 2554 ἦσαν,
257 2460 340 2538 είρετό
359 2483 442 2536 σφεας
456 2459 471 2519 5
483 2462 586 2536 Κῦρος,
612 2459 708 2566 κότερα
726 2461 760 2520 τὰ
772 2487 804 2539 τη
792 2465 966 2542 προτεραίῃ

166 2543 236 2618 εἶχον
252 2541 269 2616 5
286 2541 320 2604 τά
333 2541 465 2620 παρεόντα
480 2567 527 2617 σφι
540 2547 579 2614 εἴη
593 2544 754 2622 αἱρετώτερα.
778 2569 804 2604 οι
795 2547 872 2604 ‘³55'
857 2569 966 2618 εωασαν

166 2624 303 2688 πολλὸν
281 2649 347 2686 ειναι
365 2623 451 2686 αδτιῧν
467 2623 499 2686 τὸ
515 2629 607 2703 μέσον
635 2625 681 2702 τὴν
700 2633 748 2707 μέν
767 2625 819 2706 μὰρ
837 2633 972 2708 προτέρην
