1898 3012
107 117 135 154 ιν
380 100 628 187 PRAEFATIO,
834 57 837 66 Ι
928 50 929 144 l

106 208 208 282 optimi
222 213 252 262 et
264 203 486 283 diligentissime
500 209 609 280 collati,
621 209 721 282 paucis
735 209 851 266 omnino
865 213 911 267 lo·
928 164 930 272 i

106 291 149 347 cis
162 291 303 364 exceptis,
319 283 404 344 αὐτῶν
418 298 448 345 et
459 283 557 346 seiros
569 291 715 365 praebent.
924 273 931 346 i

146 371 214 428 Non
240 375 336 429 minor
361 382 406 429 est
432 373 467 429 de
493 372 659 448 apostrophi
681 391 736 430 usn
757 372 911 432 dubitatio.
931 394 932 464 p

106 453 257 512 Bekkerus
272 454 392 512 Struvio
414 464 532 514 auctore
553 458 685 514 ultimam
704 457 835 513 vocalem
856 476 911 514 vo·
931 465 932 472 ’

107 557 173 596 cum
199 539 418 615 disyllaborum,
445 559 517 615 qrrae
538 541 589 596 ubi
610 538 813 614 apostrophum
833 508 933 596 reci-¹

106 623 206 698 piunt,
232 631 384 678 accentum
403 624 558 696 amittunt,
581 622 687 698 ubique
708 623 829 694 abiecit,
851 625 913 680 nisi
933 622 934 684 l

74 699 80 718 '¹
107 705 183 781 quod
201 723 258 762 uno
273 707 401 773 alterove
419 707 483 762 loco
499 723 566 762 casu
578 709 674 780 potius
689 723 774 782 quom
788 707 912 763 consilio
934 737 935 762 a

106 785 218 846 hiatum
230 789 357 864 reliquit.
386 787 424 844 At
436 796 533 845 tantus
547 798 591 845 est
604 806 703 844 corum
716 807 852 844 numerus
867 791 912 845 lo-

108 890 218 944 corum,
225 872 256 926 in
269 871 371 947 quibus
385 890 471 928 voces
485 873 558 927 istae
572 872 603 926 in
616 871 748 928 omnibus
763 869 912 928 codicibus

108 963 174 1012 onte
187 956 317 1012 vocalem
330 955 414 1029 plene
428 962 496 1012 eunt
508 955 643 1029 scriptae,
665 963 699 1012 ut
710 953 782 1010 mihi
796 953 913 1029 quidem

107 1037 234 1096 nondum
246 1056 414 1112 persuasum
427 1039 465 1094 sit
483 1037 517 1094 tle
530 1039 677 1112 praecepti
689 1039 767 1094 illins
777 1037 912 1094 veritate.

141 1119 183 1176 -ln
204 1121 301 1177 libello
323 1117 357 1176 de
374 1122 437 1177 vita
449 1118 570 1177 Homeri
583 1117 852 1197 Schweighaeuseri
864 1139 914 1176 re-
937 1185 938 1192 χ

111 1205 276 1260 censionem
304 1211 419 1260 secutus
441 1222 519 1276 sum,
548 1207 591 1260 ita
611 1211 709 1260 tamen
730 1211 764 1259 ut
779 1203 915 1259 meliores
938 1196 939 1216 ¹

112 1287 243 1344 codicum
265 1288 438 1360 scripturos,
461 1288 569 1362 siquas
583 1286 618 1344 ab
632 1288 682 1342 illo
697 1294 806 1360 spretas
820 1292 849 1340 et
862 1303 916 1341 ne·
939 1311 940 1314 ¹

111 1371 221 1446 glectas
234 1369 381 1440 viderem,
396 1371 427 1424 in
441 1371 601 1425 orationem
614 1370 787 1442 reciperem,
813 1371 916 1424 nescio

112 1460 209 1507 antem
222 1469 259 1506 an
272 1452 368 1506 minus
380 1459 460 1508 recte
473 1452 608 1524 fecerim,
620 1450 696 1528 qnod
710 1457 810 1506 contra
822 1449 917 1508 libro-

112 1551 177 1590 rum
198 1537 402 1590 auctoritatem
422 1553 446 1591 c.
461 1537 488 1591 7.
510 1532 688 1592 infinitivum
711 1533 861 1588 eutelamio
885 1537 918 1591 in

112 1616 256 1680 κατέλιπεν,
275 1635 298 1671 c.
315 1617 361 1672 13.
386 1615 435 1673 fin.
458 1612 499 1674 ὅτι
519 1621 550 1676 in
573 1613 617 1674 ὅτε
641 1618 752 1675 mutavi
774 1625 803 1674 et
826 1635 850 1673 c.
869 1617 918 1673 ll.

112 1700 275 1774 genitivum
296 1698 388 1755 Μίδεω
413 1700 522 1774 adieci,
551 1720 635 1779 quem
661 1703 808 1778 requirere
835 1701 919 1758 vide-

113 1782 198 1837 batur
222 1784 373 1839 sententio.

154 1861 282 1920 Iudicem
296 1863 468 1923 historicum
482 1885 498 1924 e
513 1856 700 1924 Gronoviano
715 1875 884 1942 excerptum
904 1891 921 1922 e

114 1943 242 2004 Bckkeri
261 1947 388 2005 editione
410 1949 521 2021 addidi,
540 1951 647 2024 passim
666 1957 808 2006 mutatmn
822 1959 852 2004 et
866 1969 920 2007 au-

117 2039 203 2086 ctum.
245 2029 377 2108 Singulis
390 2033 585 2090 voluminibus
599 2041 770 2109 argumenta
782 2035 921 2106 praemisi

115 2115 185 2170 talia
197 2113 274 2186 fere,
292 2117 389 2191 qualia
402 2116 433 2170 in
445 2114 570 2192 Augusti
582 2114 722 2172 Matthiae
736 2115 863 2172 editione
876 2117 921 2172 le-

115 2205 238 2273 guntur,
262 2215 279 2252 e
298 2197 400 2273 quibus
418 2215 477 2254 non
498 2201 591 2256 solum
610 2200 792 2274 intelligatur
805 2197 875 2274 quid
889 2199 922 2255 in

115 2280 239 2356 singulis
262 2281 403 2354 capitibus
415 2290 563 2338 narratum
577 2283 630 2353 sit,
656 2281 707 2338 sed
719 2290 816 2356 pateat
830 2283 921 2339 etiem

115 2363 206 2420 totius
218 2363 394 2420 narrationis
407 2365 495 2436 ratio,
509 2367 672 2436 consilium,
686 2366 784 2421 series.

158 2475 326 2536 scribebam
340 2475 466 2554 Lipsiae,
477 2477 537 2538 Cal.
548 2479 615 2538 Mai.
630 2475 920 2538 Mucccxxxlx.

409 2649 615 2667 m
