1960 2926
138 145 190 200 256
432 148 658 198 LIBELLUS

139 254 300 316 ἐλάνθανεν·
322 257 378 316 ἐπεὶ
391 257 419 314 δὲ
432 251 537 333 ᾔσθετο
551 251 707 324 ὃΚλεάναξ,
722 251 829 330 ἤχθετο
844 254 883 333 τῇ
899 279 956 330 συμ-

139 341 211 448 φορῇ
231 365 276 398 και
267 339 468 417 καλεσάμενος
486 337 533 411 τήν
548 341 690 416 Κριθηίδα
705 340 788 441 χωρίς
806 336 956 398 πάντωνέ

140 426 210 500 αἰτίη
224 421 322 500 μεγάλη
337 433 415 498 εῖχεν,
435 419 653 499 ἐπιλεγόμενος
626 445 673 494 την
685 419 816 494 αἶσχόνην
829 420 887 496 τήν
900 421 957 498 πρὸ

140 505 203 574 τοὺς
225 505 358 580 πολιήτας.
394 495 652 585 προβουλεύεται
619 529 667 564 ουν
688 507 751 582 περὶ
774 503 864 577 αι’ντῆς
890 477 957 564 τάδε

141 593 233 664 ἔτυχον
255 591 281 648 ολ
299 597 417 666 Κυμαῖοι
438 595 562 658 κτίζοντες
582 588 631 648 τοῦ
647 587 774 666 Ἑρμείου
790 587 944 648 κόλπου
922 613 957 646 τω

141 672 237 752 μυχὸν,
265 678 434 774 κτιζομένοισι
457 672 531 730 δὲ’
506 697 551 745 την
572 669 651 731 πόλιν
672 669 803 749 Σμύρναν
827 675 918 733 ἔθετο
935 670 958 729 τί

144 757 230 834 ὄνομα
243 753 352 829 Θησεὺς,
366 779 491 840 μνημειον
504 761 602 816 ἐθέλειν
616 756 788 828 καταστῆσαι
802 757 853 828 τῆς
868 758 958 816 ἑωισσλ

142 839 266 919 γυναικός
270 838 425 942 ἐπώνυμον·
440 841 472 912 ήν
485 837 538 940 γάρ
552 837 619 916 αδτῆ
632 861 752 914 τουνομα
767 839 896 918 Σμύρνη.
912 864 957 900 α
916 840 957 895 δ

148 923 249 999 θησαδς
266 915 298 996 ήν
318 925 370 984 τῶν
389 921 435 996 τήν
452 921 548 1000 Κόμην
566 918 709 981 κτισάντων
728 928 755 981 ἐν
774 931 859 990 τοῖς
851 923 956 1010 πράτοις

148 1006 340 1078 Θεσσαλῶν,
326 1006 379 1068 απὸ
394 1005 513 1082 Εὐμήλου
526 1030 575 1066 του
561 1003 726 1107 Ἀδμήτου,
745 1004 842 1108 κάρτα
858 1011 889 1067 εὐ
904 1011 954 1081 ἔχιν

144 1117 192 1152 του
178 1093 277 1194 βίρυ.
286 1092 407 1151 ἐνθαῦτα
421 1089 616 1150 δπειιτίθεται
604 1115 619 1148 ο
632 1086 805 1156 Κλεάναξ
774 1115 828 1165 την
844 1092 951 1171 Κριθηίἒ

144 1179 179 1235 δα
192 1174 260 1254 πρὸς
268 1173 418 1282 'ww
411 1172 595 1234 τὸνΒσιυλτιον
608 1173 660 1232 τῶν
674 1171 799 1233 ἆποίκων
810 1174 952 1253 λελογχότα,

145 1259 173 1328 ὃς
196 1262 283 1335 ἔτυχεν
300 1257 373 1336 αὐτῷ
390 1255 439 1317 ἐών
457 1262 560 1334 ἑταῖρος
581 1255 616 1315 τδι
632 1254 758 1332 μάλιστα.
807 1267 834 1319 3
859 1257 951 1353 Χρόνω

143 1347 172 1403 δὲ
185 1342 366 1422 πραλόντοςξ
339 1349 366 1410 ἐξ
366 1341 515 1401 ελθοίισαε
500 1366 517 1414 η
530 1343 648 1442 Κριθηῖς
659 1363 706 1441 μετ
731 1337 825 1400 άλλων
838 1344 950 1422 γυναικιλι

143 1426 212 1504 πρὸς
224 1426 317 1504 ἑορτήν
329 1450 387 1486 τινα
405 1427 448 1484 ἐπὶ
461 1423 508 1484 τὸν
520 1421 641 1500 ποταμὸν
657 1416 704 1483 τόν
717 1425 891 1503 καλούμενον
903 1428 948 1484 Μέ-

142 1517 208 1583 λητα
221 1508 270 1584 ήδη
285 1515 402 1576 ἐπίτοκος
416 1497 503 1578 οδσα,
516 1511 593 1568 τίκτει
605 1505 652 1568 τόν
660 1505 794 1610 Όμηρον,
822 1510 857 1571 05
870 1505 937 1584 τυηλλ
928 1532 944 1563 ι

142 1592 209 1654 ἇλλόι
224 1592 381 1696 δεδορκότα,
403 1596 449 1652 καλ
466 1589 607 1652 τίθεται
590 1614 675 1670 ονομα
692 1616 730 1668 την
716 1594 831 1654 παιδί
844 1600 947 1666 Μελησι

142 1682 235 1782 γενέα,
249 1675 302 1738 άπὸ
316 1677 365 1736 τοῦ
378 1677 503 1762 ποταμοῦ
515 1675 561 1778 τήν
573 1679 719 1752 ἐπωνυμίαν
733 1678 876 1752 λαβοῦσα.
902 1682 948 1739 τέω,

143 1767 190 1841 μὲν
204 1785 251 1822 ουν
263 1788 279 1835 η
270 1761 447 1840 Κριθηὶζ’
431 1784 464 1833 ην
477 1759 600 1838 παρὰ
569 1762 605 1819 τά
617 1758 746 1836 Ἰσμηνία
774 1762 948 1840 προῖόηοςδὲ

143 1849 193 1908 τοδ
209 1845 310 1950 χρόνου
328 1847 424 1918 ἐξῆλθε
442 1847 488 1903 καί
504 1842 561 1904 άπὸ
579 1843 702 1946 ἐργασίης
713 1845 816 1922 γωρῶν
829 1847 948 1952 ὦρμηρὲιη

144 1955 235 2008 ετρεφε
248 1955 280 1990 το
270 1930 404 1989 παιδίαν
416 1953 462 1986 και
452 1925 583 2000 ἑωυτήν,
607 1926 698 1987 άλλοτε
707 1927 778 2006 παρ’
797 1928 910 2016 ᾅλλων”
896 1953 948 2007 εργα

143 2013 232 2092 λαμ’
215 2037 331 2082 ανουσα,
352 2037 397 2072 και
387 2009 587 2071 ἐπαίδευσε
562 2034 608 2070 τον
621 2009 735 2070 παῖδα
719 2011 771 2086 αφ’
787 2005 831 2073 ὧν
845 2014 946 2076 ἐδάνιιτι.

143 2107 168 2157 4.
193 2110 237 2156 Ην
251 2101 281 2157 δὲ
292 2122 330 2164 τις
343 2103 370 2156 ἐν
383 2095 489 2197 Σμύρνη
501 2096 597 2154 τοῦτον
609 2093 656 2154 τὸν
666 2092 766 2172 χρόνον
782 2097 885 2176 Φήμιος
896 2094 946 2156 τιό

143 2205 225 2260 νομα,
248 2185 348 2249 παῖδας
364 2178 509 2284 γράμματα
526 2181 571 2238 καλ
586 2177 633 2252 τήν
647 2176 725 2252 άλλην
737 2182 935 2256 μουσικήνιι
882 2178 945 2240 διδά-

144 2288 214 2366 σηων
232 2265 333 2324 πᾶσαν.
361 2269 439 2330 οὑτος
455 2263 609 2341 μισθοῦται
625 2262 672 2336 τήν
688 2265 876 2366 1(ριθη’ίδα“
854 2290 890 2326 ων
905 2290 944 2341 μα-

142 2347 287 2424 νότροπος,
314 2348 484 2450 ιίριουργήσαι
510 2345 581 2424 αυτῷ
603 2345 661 2449 ε’ριά
680 2369 738 2406 τινα
764 2347 784 2407 όί
805 2347 881 2428 παρά
903 2349 944 2407 τόν

140 2434 280 2490 παίδων’
257 2457 293 2498 εις
306 2429 427 2508 μισθοὺς
439 2429 631 2508 ἐλάμβανεν.
611 2453 633 2533 ἠ
651 2433 680 2490 δὲ
692 2429 761 2508 παρ’
778 2431 886 2511 ἀὖτῷ’
865 2431 941 2512 ειργιί·

139 2520 196 2582 ζετο
215 2517 303 2591 πολλῷ
321 2520 422 2616 ηοσμίῳ
439 2517 483 2574 καλ
502 2513 663 2592 σωφροσιλνη
680 2516 764 2592 πολλή
753 2523 895 2595 [χρωμένη
908 2519 942 2574 καλ

137 2597 174 2668 τῷ
192 2603 282 2673 Φημίῳ
296 2596 526 2676 κάρταήρίσκετο.
544 2603 616 2666 τέλος
630 2602 658 2657 δὲ
671 2604 872 2677 προσηνέγκατο
886 2598 941 2673 αἷτη
970 2603 971 2642 λ

139 2652 232 2750 λόγους
249 2685 387 2740 πείθων
372 2683 460 2759 εωυτῷ
477 2689 617 2754 συνοίκων,
640 2680 705 2744 άλλα
722 2705 750 2742 τε
768 2683 857 2745 πολλὰ
871 2693 940 2763 λε’γωι
