2014 3030
156 102 204 154 δλδ
456 103 658 150 HERODOTI

156 213 183 268 ἔκ
195 231 223 267 τε
235 205 312 284 όψιος
326 205 426 286 ὂνείρου
438 209 481 266 καὶ
495 205 600 276 νούσου,
617 204 634 278 ἦ
647 227 690 282 μιν
702 205 825 278 κατέλαβε
836 207 976 280 νοσῆσαι

155 317 189 350 τα
177 290 297 349 αἶδοῒα.

218 396 275 447 150.
294 381 351 447 Ἐπλ
361 391 389 447 δέ
398 387 492 490 Σάμον
508 383 698 486 στρατεύματος
712 387 832 445 ναυτικοῦ
850 387 974 464 οἰχομέ-

157 495 203 530 νου
204 469 406 572 Βαβυλύνιρι
392 476 550 570 απέρτησαν,
564 467 647 574 κάρτμ
660 457 690 524 εύ
693 473 973 574 παρερκευασμεὸιοι·

102 559 107 572 “
157 562 184 611 ἐν
203 551 257 626 ὅσῳ
273 551 326 628 γάρ
345 551 360 610 ὅ
377 575 405 611 τε
420 549 505 627 μάχας
518 574 580 626 ηρχε
592 552 636 607 καί
650 550 675 608 οἱ
687 545 753 607 ἑπτά
765 553 973 622 ἐπανέστησαν,

157 633 277 709 ἐντούτῳ
291 637 369 691 παντί
381 635 417 690 τῶ
403 631 514 710 χρόνῳ
532 632 619 708 καλιῇ
633 655 734 707 ταραχμ
721 629 811 697 ”ές
785 653 831 703 την
843 637 969 730 πρλιορ-

157 721 212 786 κίην
222 714 441 792 παρεσκευάδατο.
470 719 516 772 καί
530 737 580 804 κως
596 713 680 771 ταύτα
693 712 821 778 ποιεύντες
833 711 966 773 έλάνθα-

158 819 209 854 νον.
238 801 337 854 ἐπείτε
354 800 381 855 δέ
398 803 424 854 έκ
437 821 485 855 του
498 791 622 896 έμιράνέος
637 792 799 866 ἇπέστησαν,
809 795 968 868 ἐποίησαν

157 875 267 936 τοιόνδε
289 877 335 943 τάς
351 883 461 956 μητέρας
480 877 616 944 ἐξελόντες,
635 882 747 982 χυνμῖκα
765 878 874 942 ἕκαστος
891 883 967 978 μίαν

157 958 396 1036 προσεξαιρέετο
370 983 417 1032 την
434 959 551 1034 ἐβούλετο
570 967 597 1017 ἐκ
613 959 664 1016 τῶν
680 959 776 1018 ἑωυτού
789 959 886 1027 οἰκείων,
909 959 966 1026 τάς

158 1043 185 1099 δέ
206 1043 298 1108 λοιπάς
321 1039 429 1109 άπάσας
453 1039 646 1118 συναγαγόντες
670 1039 828 1106 ἀπέπνιξαν·
857 1038 907 1112 τὴν
931 1045 964 1100 δὲ

156 1127 219 1230 μίαν
231 1125 340 1192 ἕκαστος
353 1123 487 1184 σιτοποιὸν
501 1127 634 1201 ἐξαιρέετο.
661 1120 803 1190 ἀπέπνιξαν
820 1124 848 1180 δέ
861 1120 959 1191 αύτάς,

156 1209 201 1265 <ι’να
210 1204 247 1283 μή
261 1231 348 1282 σφεων
360 1207 406 1268 τὸν
420 1230 492 1267 οιτον
506 1203 707 1281 ἀναισιμώσωσι.
745 1213 751 1224 '

219 1331 275 1381 151.
297 1322 460 1400 Πυθόμενος
477 1325 505 1380 δέ
522 1322 605 1380 ταῦτα
623 1320 763 1420 όΔαρεῖος
775 1343 819 1377 και
809 1322 961 1387 συλλέξας

157 1425 249 1461 πασαν
270 1403 316 1474 τὴν
337 1406 435 1501 έουτομ
460 1403 584 1477 δύναμιν
592 1401 758 1478 ἐστρατεύετο
782 1399 824 1460 ἐπ’
849 1399 960 1470 αύτούς,

156 1482 286 1548 ἐπελάσας
300 1485 354 1540 δέ’
341 1486 383 1540 επὶ
396 1481 443 1556 τὴν
455 1483 600 1558 Βαβυλῶνα
614 1481 759 1582 ἐπολιόρκεε
771 1487 960 1560 φροντίζοντας

158 1563 274 1622 οὐδέν
244 1587 289 1634 της
301 1569 459 1640 πολιορκίης
488 1563 586 1639 άναβαί
584 1588 670 1631 νοντες
686 1561 738 1642 γάρ
756 1568 798 1624 ἐπί
810 1563 871 1630 τούς
883 1588 958 1642 προ-

156 1645 292 1720 μαχεῶνας
308 1646 357 1704 τού
374 1651 469 1718 τείχεος
487 1671 512 1705 οι
503 1646 693 1721 Βαβυλώνιοι
713 1651 888 1724 κατωρχέοντο
910 1651 961 1706 καλ

156 1731 336 1785 κατέσκωπτον
349 1735 468 1813 Δαρεῖον
479 1731 523 1787 και
540 1727 587 1802 τὴν
605 1751 727 1806 οτρατιην
745 1727 836 1797 αύτού,
858 1732 906 1786 καί
917 1753 960 1795 τις

158 1807 244 1867 αύτῶν
260 1805 317 1870 εἷπε
335 1810 414 1868 τούτο
430 1807 461 1869 τό
480 1813 559 1877 ἔπος·
591 1816 623 1870 Τί
638 1809 758 1911 κάτηρθε
776 1810 959 1879 Mamm&

156 1895 272 1968 Πέρσαι,
296 1889 351 1949 άλλ
368 1890 415 1950 ούκ
434 1891 661 1962 ἇπαλλάσσεσθες
687 1890 745 1952 τότε
760 1890 813 1991 χάρ
832 1890 959 1968 αἶρὴσετε

154 1971 245 2048 ημέας,
264 1971 341 2031 ἐπεάν
353 1973 453 2050 ἡμίονοι
465 1979 563 2033 τέκωσι.
608 1976 691 2034 Τοῦτο
709 1971 812 2033 εἷπε
777 1997 835 2033 των·
840 1997 878 2040 τις
890 1984 954 2033 Βα-

156 2058 289 2145 βυλωνίων,
303 2054 406 2134 ούδαμά
419 2061 523 2128 ἐλπίζων
537 2056 569 2116 &v
580 2056 686 2134 ἡμίονον
699 2063 784 2116 τεκεῖν.

218 2181 274 2230 152.
292 2170 375 2232 Ἐπτά
388 2175 415 2230 δέ
426 2174 514 2248 μηνῶν
525 2175 570 2231 καλ
579 2173 695 2232 ένιαυτού
709 2167 890 2244 διεληλυθότος
901 2168 953 2243 ἤδη

156 2253 172 2313 ὅ
187 2252 297 2330 Δαρεῖός
310 2277 337 2312 τε
353 2253 465 2326 ἤσχαλλε
482 2257 526 2312 καί
541 2253 558 2327 ἡ
573 2253 679 2331 στρατιὴ
692 2255 780 2322 πάσα,
808 2249 843 2314 ού
854 2253 954 2325 δυνατὴ

157 2336 238 2392 ἐουσα
252 2340 315 2394 ἑλεῖν
327 2335 388 2402 τούς
400 2337 588 2409 Βαβυλωνίους.
604 2341 649 2394 καί
660 2359 701 2394 τοι
713 2333 801 2394 πάντα
814 2337 951 2409 σοφίσμα·

156 2437 190 2470 τα
208 2419 252 2473 καί
269 2415 358 2482 πάσας
375 2415 492 2492 μηχανάς
509 2415 658 2488 ἐπεποιήκεε
675 2424 700 2483 ές
719 2416 812 2484 αύτούς
826 2423 952 2492 Δαρειος·

157 2491 212 2549 ἀλλ’
228 2495 323 2553 εὔδι’
301 2521 336 2564 ως
350 2497 457 2556 ἐδύνατο
470 2503 534 2568 ἑλεῖν
547 2505 635 2572 σφέας,
650 2497 751 2558 άλλαισί
760 2522 789 2558 τε
802 2503 953 2574 σοφίσμασι

156 2574 350 2652 πειρησάμενος,
362 2604 404 2640 και
396 2578 449 2652 δὴ
462 2583 507 2640 καὶ
514 2605 550 2639 τοι
535 2577 704 2659 Κύροςεῖλέ
711 2605 800 2656 σφεας,
808 2583 854 2640 καὶ
865 2579 951 2658 τούτῳ
999 2631 1000 2659 3
