2008 2922
253 159 855 222 Llel.cAP.52-57.189

48 269 214 372 πράρωοι
222 265 283 334 τοὺς
301 269 329 324 δὲ
342 264 471 344 Ἀκρισίου
487 291 518 345 με
535 275 650 348 πατέρας
671 270 857 354 ὁμολογέοντας

46 351 115 413 κατ’
131 346 385 452 οἷνηῖότηταΠερσέί
397 348 477 420 οὐδέν,
491 350 600 419 τούτους
614 355 642 412 δέ
655 349 728 424 εἶναι,
742 355 857 434 κατάπερ

42 435 166 507 Ἕλληνες
178 437 290 508 λέγουσι,
303 433 467 536 Αίμορττίοιις.

119 523 162 575 55
183 517 241 576 Καὶ
252 538 336 572 ταυτα
347 517 393 592 μέν
407 538 452 574 νυν
462 519 522 594 περὶ
535 515 633 576 τοιίτων
646 516 776 596 εἷρησθω·
804 544 819 578 ο
831 536 859 580 τι

50 605 112 660 δὲ’
98 597 183 664 εόντες
196 594 347 674 Αίμάιττιοι,
368 600 411 656 ναι
430 596 445 656 ὅ
464 623 488 657 τι
501 597 690 706 άπαδεξάμενρι
703 599 838 708 ἐλαβρν
809 625 856 668 τας

50 685 178 760 Δωριέων
200 681 353 754 βασιληίας,
377 677 477 740 άλλοισι
493 680 547 759 γάρ
564 684 624 757 περι
647 680 733 741 αυτῶν
750 688 855 783 εἴρηται,

49 765 171 840 ἐάσομεν
188 760 273 820 αιἰτά·
303 759 337 820 τά
358 763 386 821 δέ
409 759 526 823 άλλοι
498 789 530 823 ov
552 762 736 840 κατελάβοντο,
758 763 856 825 τούτων

46 847 158 927 μνήμην
170 843 320 920 ποιήσομαι.

119 935 164 988 56.
186 931 268 1004 Γέριια
287 930 314 984 δὲ
332 924 363 998 δη
380 925 444 986 τάδε
461 934 530 987 τοῖσι
540 929 682 1004 ’βασιλείισι
694 929 857 1007 Σπαρτιῆται

49 1009 198 1072 δεδώκασι·
230 1007 358 1087 ἱρωσίινας
381 1007 440 1078 δάο,
463 1009 526 1076 Διός
546 1034 575 1068 τι
596 1015 791 1086 Λακεδαίμονος
812 1015 857 1070 ναί

47 1093 122 1160 Διὸς
135 1090 270 1170 οὐρανίου,
292 1094 336 1150 καί
348 1089 462 1167 πόλεμόν
474 1115 505 1168 με
518 1096 629 1169 ἐκφέρειν
641 1091 683 1152 έπ3
699 1093 732 1164 ἢν
746 1091 779 1151 &v
792 1092 854 1169 βοά·

48 1187 152 1237 λωνται
161 1173 255 1252 χώρην,
268 1172 364 1234 τούτου
378 1177 404 1231 δέ
416 1176 512 1250 μηδένα
526 1172 591 1234 εἶναι
603 1180 785 1253 Σπαρτιητέων
798 1179 855 1235 δια-

47 1257 177 1330 κωλυτην,
190 1259 213 1316 εί
226 1256 311 1333 δὲμὴ,
335 1255 416 1316 αιίτὸν
432 1263 459 1314 ἐν
476 1257 511 1332 τῷ
530 1255 591 1334 άμεῖ
601 1263 751 1331 ἐνέχεσθαι·
774 1281 855 1335 στρα-

6 1369 7 1373 ’
48 1345 198 1448 τευομένων
211 1343 238 1398 δὲ
251 1338 373 1440 πρώτους
389 1340 453 1398 ἰέναι
465 1339 525 1406 τοὺς
539 1341 671 1414 βασιλέας,
689 1339 817 1408 ὑστάταις
830 1343 858 1400 δέ

51 1427 174 1486 ἀπιέναι·
207 1421 297 1482 ἑκατὸν
314 1425 342 1481 δέ
361 1419 456 1500 άνδρας
473 1422 620 1499 λομάδας’
607 1426 650 1482 ιπί
668 1425 789 1524 στρατιῆς
805 1448 855 1498 φο-

50 1507 166 1570 λάσσειν
179 1503 286 1572 αὐτούς
289 1504 458 1591 προβάτοισι
470 1508 497 1563 δέ
508 1507 658 1583 χράσθαι’
645 1530 672 1564 εν
684 1531 715 1583 τη
718 1530 745 1566 σι
743 1509 855 1609 ἐξρδίη-

51 1617 82 1653 σι
100 1588 222 1650 ὁκόσοισι
235 1585 269 1647 ὅίν
282 1591 318 1646 ὠν
332 1593 455 1659 ἐθέλωσι,
476 1589 527 1646 τῶν
544 1592 571 1648 δέ
586 1533 752 1666 θυομένωβ
737 1588 858 1648 απάντων

49 1701 89 1736 τα
76 1670 220 1750 δέρματά
234 1695 261 1730 τε
274 1673 319 1730 και
330 1670 364 1730 τά
377 1672 447 1730 νῶτιι
460 1671 598 1748 λαμβάνων
612 1677 701 1747 σφέας.
716 1673 800 1731 ταῦτα
813 1677 859 1749 μέν

51 1757 89 1818 τά
103 1759 251 1832 ἐμπολέμια.

122 1847 164 1937 5J.
189 1835 229 1896 Τά
247 1839 274 1894 δὲ
293 1833 358 1894 άλλα
376 1833 410 1894 τά
428 1837 544 1912 εἰρηναῖα
562 1834 630 1895 κατὰ
646 1835 709 1896 τάδε
723 1861 771 1912 σφι
784 1840 856 1897 δέδο-

53 1945 114 1982 ται·
135 1917 168 1992 τίν
179 1924 279 1992 θυσίην
292 1943 330 1986 τις
344 1919 466 1995 δημοτελη
480 1921 610 1992 ποιέηται,
634 1917 753 2020 πρώτους
770 1922 812 1979 ἐπὶ
829 1918 859 1978 τὸ

55 2010 166 2064 δεῖπνον
187 2005 247 2072 ίζειν
267 2000 328 2069 τοὺς
350 2003 472 2076 βασιλέας
491 2004 535 2059 καὶ
557 2000 612 2060 ἀπὸ
635 2001 732 2062 τούτων
755 2002 859 2078 πρῶτον

56 2086 205 2164 ἄρχεσθαι,
219 2081 383 2156 διπλησια’
354 2107 476 2160 νεμοντας
492 2088 601 2160 ἑκατέρῳ
614 2082 648 2142 τά
661 2083 748 2142 πάντα
761 2109 777 2154 η
790 2107 859 2142 τοισι

58 2169 162 2229 άλλοισι
176 2166 355 2244 δαιτυμόνεσι
381 2189 424 2224 και
416 2162 655 2242 σπονδαρχίας
629 2188 695 2224 ειναι
706 2163 803 2236 τούτων
815 2169 858 2224 καί
912 2192 918 2197 ·

56 2253 112 2312 τῶν
125 2254 258 2310 τυθέντων
269 2247 408 2326 προβάτων
421 2273 454 2306 τα
446 2247 591 2325 δέρματα.
618 2253 753 2324 νεομηνίας
766 2245 822 2306 δὲ
808 2247 859 2306 ανδ

57 2333 154 2399 πάσας
170 2335 215 2390 καί
231 2331 342 2408 ἑβδόμας
364 2333 501 2408 ἱσταμένου
520 2331 568 2390 τοῦ
588 2329 667 2406 μηνὸς
690 2333 817 2389 δίδοσθαι
833 2337 860 2390 ἐκ

57 2443 108 2478 του
93 2417 283 2492 δημοσίου
272 2413 356 2492 ιρήῖον
374 2418 499 2474 τέλειον’
485 2417 595 2490 ειιατέριρ
613 2419 637 2479 ἐς
646 2411 804 2480 ’Λπόλλωνος
816 2416 860 2471 καὶ
883 2454 888 2462 ·

58 2503 198 2604 μέδιμνρν
200 2496 309 2572 ἀλφίτων
326 2499 370 2555 καί
389 2501 460 2556 οἴνου
476 2493 598 2572 τετάρτην
611 2494 762 2570 Λακωνιηήν
778 2497 822 2554 καὶ
834 2502 860 2554 ἐν

58 2589 131 2643 τοῖσι
144 2579 228 2658 ἇμῶσι
239 2580 307 2639 πᾶσι
323 2583 461 2658 προεδρίας
480 2581 629 2655 ἐξαιρέτους.
656 2603 700 2638 και
691 2583 861 2680 προξείνους

60 2661 247 2726 ἇποδιιννάναι
270 2662 387 2724 τούτοισι
412 2667 594 2742 προσκεῖσθαι
614 2660 675 2732 τοὺς
696 2660 729 2722 ι’ίν
750 2667 861 2722 ἐθέλωσι
