2008 2922
259 165 332 212 6113.
354 167 385 212 V.
414 165 492 212 cAP.
514 162 660 223 6-8‚2.
836 165 853 216 5

53 271 183 336 οτειίτας.
207 265 314 335 τούτους
329 274 376 346 μέν
392 292 438 328 νυν
455 261 700 379 καταστρεφόμενος
713 295 756 330 και
747 275 852 348 Λίγυ-

41 377 123 412 ,πτον
139 351 232 410 πόισαν
249 351 346 412 πολλόν
364 355 513 428 δουλοτέρην
530 351 673 426 ποιήσαςή
687 361 728 413 έπι
719 357 855 431 Δαρείου

51 427 101 509 ἦν,
123 433 269 511 ἐπιτρέπετ’
263 440 412 510 Αχαιμένεϊ,
435 432 548 512 ἇδελφεῶ
565 439 612 512 μὲν
628 438 731 506 έωυτού,
743 441 856 514 Δαρείου

53 522 84 577 δέ
98 519 179 576 παιδί.
218 515 368 593 Ἀχαιμένεα
383 521 429 594 μέν
446 541 492 575 νυν
504 517 706 620 ἐπιτροπεύοντα
719 518 856 596 Αἰγύπτου

50 597 142 678 χρόνῳ
156 603 292 677 μετέπειτα
309 597 431 674 ἐφόνευσε
440 597 578 679 Ἰνόρωςό
602 606 769 679 Ψαμμιτίγου,
789 599 855 679 ἇνήρ

51 684 145 759 Λίβυς.

87 797 94 804 ·
120 771 146 822 8.
168 766 262 842 Ξέρξης
277 766 306 822 δέ
321 760 387 840 μετόι
404 764 540 841 Αἰγύπτου
564 763 661 826 όίλωσιν
678 763 712 832 ὦς
730 768 813 842 ἔμελλε
830 773 855 832 ἐς

48 853 144 925 χεῖρας
158 844 277 914 δέξεσθαι
290 845 320 906 τὸ
332 845 480 924 στράτευμα
492 846 522 908 τὸ
537 851 579 906 ἐπί
591 847 638 915 τός
647 847 770 921 Ἀθήνας,
791 847 852 907 σύλ-

50 939 135 1008 λογον
156 933 289 1002 ἐπίκλητον
308 933 431 1006 Περσέων
451 931 503 988 τῶν
527 928 640 1006 ἇρίστων
661 936 785 1000 ἐποιέετο,
811 933 855 988 ἵνα

49 1011 160 1093 γνώμας
177 1035 205 1072 τε
223 1011 345 1084 πύθηται
364 1017 449 1086 σφέων
465 1015 510 1070 καί
527 1011 605 1078 αύτὸς
620 1019 647 1070 ἐν
662 1014 731 1071 πόσι
748 1018 808 1089 εἴπῃ
822 1011 856 1070 τὰ

49 1102 137 1156 θέλει.
179 1105 202 1154 1.
220 1095 267 1161 Ὧς
290 1097 317 1152 δὲ
345 1099 553 1168 συνελέχθησαν,
574 1097 641 1162 ἔλεξε
664 1100 757 1171 Ξέρξης
779 1093 853 1153 τάδε·

44 1179 154 1255 ’Ἀνδρος
170 1182 287 1255 Πέρσαι,
310 1173 365 1235 061³
383 1174 462 1243 αὐτὸς
479 1175 661 1254 κατηγήσομαι
681 1177 762 1253 νόμον
778 1175 853 1236 τόνδε

49 1261 113 1322 ἐν’
98 1267 160 1338 υμῖν
176 1263 271 1328 τιθείς,
292 1257 508 1359 παραδεξάμενός
523 1284 551 1319 τε
569 1258 639 1317 αύτῶ
625 1259 791 1337 χρήσομαι.
820 1257 854 1324 ὦς

48 1343 107 1422 γὰρ
134 1341 183 1444 έγδ
205 1340 380 1418 πυνθάνομαι
400 1343 452 1399 τῶν
473 1318 665 1419 πρεσβυτέρων,
691 1339 795 1418 ούδαμό
817 1365 853 1399 κω

48 1424 244 1526 ἠτρεμήσαμεν,
267 1429 323 1484 ἐπεί
339 1448 366 1482 τε
379 1423 598 1502 παρελάβομεν
572 1449 619 1496 την
629 1424 765 1502 ἡγεμονίην
778 1421 853 1496 τήνδε

48 1533 129 1586 παρα
118 1507 250 1610 Μήδων,
264 1506 357 1584 Κύρου
370 1506 538 1574 κατελόντος
532 1506 686 1584 Αστυόγεα·
709 1506 773 1566 ἄλλα
786 1505 854 1573 θεός

47 1617 78 1652 τε
94 1590 163 1650 οὕτω
176 1589 246 1667 ιλγει,
266 1593 310 1648 καί
324 1588 428 1648 αύτοίσι
444 1589 505 1666 ήμιν
516 1589 599 1649 πολλὰ
615 1595 739 1650 ἐπέπουσι
753 1594 852 1666 συμφέ-

47 1698 126 1754 ρεται
140 1676 182 1732 ἐπί
195 1671 225 1732 τὸ
239 1671 351 1750 όίμεινον.
397 1671 436 1731 Τίι
454 1678 501 1749 μέν
516 1671 660 1775 νυνΚύρός
673 1694 701 1732 τε
714 1699 758 1733 και
748 1676 850 1750 Καμ·

48 1756 135 1832 βύσης
147 1754 234 1830 πατήρ
246 1779 274 1813 τε
287 1780 303 1814 ο
293 1752 494 1832 ἐμόςΔαρεῖος
506 1755 701 1858 κατεργάσαντο
714 1760 758 1815 καί
765 1780 851 1832 προσ-

48 1838 211 1910 εκτήσαντο
208 1841 348 1906 ἔθνεα,’
335 1842 527 1913 επισταμίνοισι
549 1831 578 1896 είι
601 1837 647 1897 αιἰκ
669 1837 702 1896 όίν
719 1863 757 1905 τις
774 1844 851 1914 λέγοι.

48 1919 102 1998 ἐγώ
118 1925 170 1980 δὲέ
170 1925 214 1978 πεί
226 1943 252 1978 τε
266 1917 454 1996 παρέλαβον
428 1943 475 1978 τον
487 1918 598 1997 θρόνον,
612 1923 689 1980 τούτο
704 1920 852 1998 ἐφρόντιζον

49 2004 117 2070 ὅκως
130 2001 166 2080 μή
180 2003 346 2079 λείψομαι
312 2025 363 2060 των
375 2001 503 2080 πρότερον
516 2007 656 2079 γενομένων
670 2010 696 2060 ἐν
709 2006 813 2079 τιμῇ]
782 2027 809 2060 τι
801 2005 851 2075 δε,

48 2090 116 2164 μηδὲ
131 2083 232 2144 ελᾶσσω
248 2084 448 2188 πρρσκτήσομαι
467 2084 574 2161 δύναμιν
588 2089 721 2161 Πέρσησι·
743 2089 848 2161 φρονιί.

48 2177 101 2239 ζων
115 2167 182 2227 δί’
156 2172 263 2269 ευρίσκω
278 2166 332 2243 ἅμα
347 2173 394 2244 μέν
411 2167 519 2234 κῦδος
504 2175 564 2243 ημῖν
580 2165 786 2244 προσγινόμενον
795 2163 848 2238 χιό-

47 2275 100 2356 ρην
117 2275 145 2310 τε
162 2253 207 2322 τῆς
224 2251 271 2309 νύν
290 2249 468 2326 ἐκτήμεθα
441 2274 487 2309 ουκ
501 2248 632 2308 ἐλάσσονα
653 2247 714 2308 οόδέ
733 2254 848 2356 φλαυρο-

47 2340 139 2413 τέρην,
160 2338 367 2438 παμφορωτέρην
381 2331 454 2401 δέ,
444 2331 498 2440 όμα
513 2335 540 2390 δέ
553 2336 672 2409 τιμωρίην
684 2355 712 2390 τε
728 2334 773 2390 καί
783 2335 850 2389 τίσιν

46 2421 194 2518 γινρμένην
222 2415 298 2476 διὸ“
284 2421 363 2491 υμέας
385 2422 431 2474 νυν
453 2413 503 2491 ἐγὼ
526 2417 689 2484 συνέλεξα,”
677 2439 718 2472 ινα
736 2413 767 2474 τό
784 2417 849 2472 νοέω

47 2499 181 2600 πρήσσειν
193 2497 389 2576 ὑπερθέωμαιε
376 2505 441 2597 υμῖν.
474 2507 497 2554 2
519 2501 620 2565 Μέλλω,
636 2495 762 2566 ζεύξας
737 2520 783 2556 τον
793 2495 847 2554 ε-Ελ

46 2583 210 2656 λήσποντον,
229 2583 289 2640 ἑλόν
304 2580 416 2659 στρατὸν
430 2577 516 2638 διὰ
487 2604 531 2652 της
545 2578 671 2680 Εὐρώπης
683 2578 762 2639 ἐπί
736 2603 783 2652 την
793 2577 846 2638 Ἑλ·

47 2667 161 2737 λόδα,”
150 2689 192 2726 ινα
200 2664 359 2738 Ἀθηναίους
372 2661 561 2741 τιμωρήσωμαι,
580 2661 633 2722 ὅσα
648 2662 679 2736 δή
692 2661 849 2735 πεποιήκασι
