<?xml version="1.0" encoding="UTF-8"?>
<!DOCTYPE html PUBLIC "-//W3C//DTD XHTML 1.0 Transitional//EN"
    "http://www.w3.org/TR/xhtml1/DTD/xhtml1-transitional.dtd">
<html xmlns="http://www.w3.org/1999/xhtml" xml:lang="en" lang="en">
 <head>
  <title>
</title>
<meta http-equiv="Content-Type" content="text/html;charset=utf-8" />
  <meta name='ocr-system' content='tesseract 3.04.00' />
  <meta name='ocr-capabilities' content='ocr_page ocr_carea ocr_par ocr_line ocrx_word'/>
</head>
<body>
  <div class='ocr_page' id='page_1' title='image "./herodotihistori08herogoog_0831.png"; bbox 0 0 1972 2926; ppageno 0'>
   <div class='ocr_carea' id='block_1_1' title="bbox 155 87 662 179">
    <p class='ocr_par' dir='ltr' id='par_1_1' title="bbox 155 87 662 179">
     <span class='ocr_line' id='line_1_1' title="bbox 155 87 662 179; baseline -0.004 -1"><span class='ocrx_word' id='word_1_1' title='bbox 155 130 203 179; x_wconf 76' lang='lat'><strong><em>130</em></strong></span> <span class='ocrx_word' id='word_1_2' title='bbox 456 87 662 178; x_wconf 69' lang='grc' dir='ltr'>ΗΕΒΟΙδΟΤΙ</span> 
     </span>
    </p>
   </div>
   <div class='ocr_carea' id='block_1_2' title="bbox 154 231 971 2718">
    <p class='ocr_par' dir='ltr' id='par_1_2' title="bbox 154 231 971 648">
     <span class='ocr_line' id='line_1_2' title="bbox 155 231 962 340; baseline 0 -45"><span class='ocrx_word' id='word_1_3' title='bbox 155 241 276 316; x_wconf 82' lang='grc' dir='ltr'><strong><em>κειμενοι,</em></strong></span> <span class='ocrx_word' id='word_1_4' title='bbox 296 261 322 296; x_wconf 89' lang='grc' dir='ltr'><strong><em>οι</em></strong></span> <span class='ocrx_word' id='word_1_5' title='bbox 313 237 367 294; x_wconf 82' lang='lat'><strong><em>‘66</em></strong></span> <span class='ocrx_word' id='word_1_6' title='bbox 384 232 479 340; x_wconf 77' lang='grc' dir='ltr'><strong><em>μάντις</em></strong></span> <span class='ocrx_word' id='word_1_7' title='bbox 497 240 584 294; x_wconf 77' lang='grc' dir='ltr'><strong><em>ἐκέατο</em></strong></span> <span class='ocrx_word' id='word_1_8' title='bbox 603 231 672 300; x_wconf 79' lang='grc' dir='ltr'><strong><em>ἁλέες</em></strong></span> <span class='ocrx_word' id='word_1_9' title='bbox 692 240 962 312; x_wconf 76' lang='grc' dir='ltr'><strong><em>σιιγιιεκομισμίνοιίς</em></strong></span> 
     </span>
     <span class='ocr_line' id='line_1_3' title="bbox 154 313 964 421; baseline -0.005 -43"><span class='ocrx_word' id='word_1_10' title='bbox 154 319 237 421; x_wconf 76' lang='grc' dir='ltr'><strong><em>τῶρτὸ</em></strong></span> <span class='ocrx_word' id='word_1_11' title='bbox 249 323 352 396; x_wconf 79' lang='grc' dir='ltr'><strong><em>χωρίον,</em></strong></span> <span class='ocrx_word' id='word_1_12' title='bbox 365 322 483 396; x_wconf 79' lang='grc' dir='ltr'><strong><em>τέσσερες</em></strong></span> <span class='ocrx_word' id='word_1_13' title='bbox 494 316 614 392; x_wconf 75' lang='grc' dir='ltr'><strong><em>χιλιάδες</em></strong></span> <span class='ocrx_word' id='word_1_14' title='bbox 638 313 734 389; x_wconf 75' lang='grc' dir='ltr'><strong><em>ταύτην</em></strong></span> <span class='ocrx_word' id='word_1_15' title='bbox 746 319 795 393; x_wconf 84' lang='grc' dir='ltr'><strong><em>μέν</em></strong></span> <span class='ocrx_word' id='word_1_16' title='bbox 808 315 861 419; x_wconf 77' lang='grc' dir='ltr'><strong><em>τίρν</em></strong></span> <span class='ocrx_word' id='word_1_17' title='bbox 876 317 964 396; x_wconf 75' lang='grc' dir='ltr'><strong><em>ἡμέρη</em></strong></span> 
     </span>
     <span class='ocr_line' id='line_1_4' title="bbox 154 398 971 482; baseline -0.005 -20"><span class='ocrx_word' id='word_1_18' title='bbox 154 401 223 482; x_wconf 83' lang='grc' dir='ltr'><strong><em>πρὸς</em></strong></span> <span class='ocrx_word' id='word_1_19' title='bbox 236 407 304 474; x_wconf 84' lang='grc' dir='ltr'><strong><em>θέην</em></strong></span> <span class='ocrx_word' id='word_1_20' title='bbox 318 399 472 478; x_wconf 74' lang='grc' dir='ltr'><strong><em>ἐτράποντο</em></strong></span> <span class='ocrx_word' id='word_1_21' title='bbox 494 425 526 478; x_wconf 76' lang='grc' dir='ltr'><strong><em>τῃ</em></strong></span> <span class='ocrx_word' id='word_1_22' title='bbox 513 398 596 459; x_wconf 69' lang='grc' dir='ltr'><strong><em>δ’ε</em></strong></span> <span class='ocrx_word' id='word_1_23' title='bbox 516 403 705 478; x_wconf 72' lang='grc' dir='ltr'><strong><em>γαστεραίμ</em></strong></span> <span class='ocrx_word' id='word_1_24' title='bbox 720 401 747 459; x_wconf 80' lang='lat'><strong><em>06</em></strong></span> <span class='ocrx_word' id='word_1_25' title='bbox 759 404 809 476; x_wconf 77' lang='grc' dir='ltr'><strong><em>μέν</em></strong></span> <span class='ocrx_word' id='word_1_26' title='bbox 825 398 971 461; x_wconf 80' lang='grc' dir='ltr'><strong><em>ἆπέπλωοιι</em></strong></span> 
     </span>
     <span class='ocr_line' id='line_1_5' title="bbox 155 481 965 561; baseline -0.007 -15"><span class='ocrx_word' id='word_1_27' title='bbox 155 495 181 554; x_wconf 84' lang='grc' dir='ltr'><strong><em>ις</em></strong></span> <span class='ocrx_word' id='word_1_28' title='bbox 199 485 323 558; x_wconf 76' lang='grc' dir='ltr'><strong><em>Ἱστιαίην</em></strong></span> <span class='ocrx_word' id='word_1_29' title='bbox 340 486 383 544; x_wconf 81' lang='grc' dir='ltr'><strong><em>ἐπὶ</em></strong></span> <span class='ocrx_word' id='word_1_30' title='bbox 399 483 446 552; x_wconf 85' lang='grc' dir='ltr'><strong><em>τάς</em></strong></span> <span class='ocrx_word' id='word_1_31' title='bbox 463 484 539 556; x_wconf 78' lang='grc' dir='ltr'><strong><em>νῆας,</em></strong></span> <span class='ocrx_word' id='word_1_32' title='bbox 563 509 588 544; x_wconf 89' lang='grc' dir='ltr'><strong><em>οι</em></strong></span> <span class='ocrx_word' id='word_1_33' title='bbox 579 481 664 542; x_wconf 76' lang='grc' dir='ltr'><strong><em>δέ’</em></strong></span> <span class='ocrx_word' id='word_1_34' title='bbox 650 485 717 560; x_wconf 80' lang='grc' dir='ltr'><strong><em>αμφὶ</em></strong></span> <span class='ocrx_word' id='word_1_35' title='bbox 737 487 840 561; x_wconf 83' lang='grc' dir='ltr'><strong><em>Ξέρξεα</em></strong></span> <span class='ocrx_word' id='word_1_36' title='bbox 860 491 890 552; x_wconf 78' lang='grc' dir='ltr'><strong><em>ἐς</em></strong></span> <span class='ocrx_word' id='word_1_37' title='bbox 910 483 965 546; x_wconf 81' lang='grc' dir='ltr'><strong><em>ὁδόν</em></strong></span> 
     </span>
     <span class='ocr_line' id='line_1_6' title="bbox 156 569 290 671; baseline 0.009 -43"><span class='ocrx_word' id='word_1_38' title='bbox 156 569 290 671; x_wconf 83' lang='grc' dir='ltr'><strong><em>ὁρμέατο</em></strong></span> 
     </span>
    </p>

    <p class='ocr_par' dir='ltr' id='par_1_3' title="bbox 156 641 964 1968">
     <span class='ocr_line' id='line_1_7' title="bbox 219 641 964 756; baseline -0.004 -47"><span class='ocrx_word' id='word_1_39' title='bbox 219 660 260 711; x_wconf 81' lang='grc'><strong><em>26.</em></strong></span> <span class='ocrx_word' id='word_1_40' title='bbox 277 641 359 709; x_wconf 84' lang='grc' dir='ltr'><strong><em>Ηκον</em></strong></span> <span class='ocrx_word' id='word_1_41' title='bbox 377 651 407 708; x_wconf 87' lang='grc' dir='ltr'><strong><em>δέ</em></strong></span> <span class='ocrx_word' id='word_1_42' title='bbox 423 673 471 724; x_wconf 96' lang='grc' dir='ltr'><strong><em>σφι</em></strong></span> <span class='ocrx_word' id='word_1_43' title='bbox 489 645 602 750; x_wconf 78' lang='grc' dir='ltr'><strong><em>ροτόμολ</em></strong></span> <span class='ocrx_word' id='word_1_44' title='bbox 603 672 628 707; x_wconf 90' lang='grc' dir='ltr'><strong><em>οι</em></strong></span> <span class='ocrx_word' id='word_1_45' title='bbox 647 643 776 756; x_wconf 74' lang='grc' dir='ltr'><strong><em>βνδρες’</em></strong></span> <span class='ocrx_word' id='word_1_46' title='bbox 761 645 813 706; x_wconf 71' lang='grc' dir='ltr'><strong><em>απ’</em></strong></span> <span class='ocrx_word' id='word_1_47' title='bbox 829 646 964 728; x_wconf 70' lang='grc' dir='ltr'><strong><em>Ἀρκαδίηι</em></strong></span> 
     </span>
     <span class='ocr_line' id='line_1_8' title="bbox 158 729 963 834; baseline -0.008 -39"><span class='ocrx_word' id='word_1_48' title='bbox 158 733 239 811; x_wconf 75' lang='grc' dir='ltr'><strong><em>ιἰλίχσι</em></strong></span> <span class='ocrx_word' id='word_1_49' title='bbox 253 737 324 800; x_wconf 83' lang='grc' dir='ltr'><strong><em>τινές,</em></strong></span> <span class='ocrx_word' id='word_1_50' title='bbox 343 733 401 807; x_wconf 79' lang='grc' dir='ltr'><strong><em>βίον</em></strong></span> <span class='ocrx_word' id='word_1_51' title='bbox 414 757 442 791; x_wconf 88' lang='grc' dir='ltr'><strong><em>τε</em></strong></span> <span class='ocrx_word' id='word_1_52' title='bbox 434 729 572 834; x_wconf 80' lang='grc' dir='ltr'><strong><em>δεόμενοιΙ</em></strong></span> <span class='ocrx_word' id='word_1_53' title='bbox 585 733 629 790; x_wconf 78' lang='grc' dir='ltr'><strong><em>καί</em></strong></span> <span class='ocrx_word' id='word_1_54' title='bbox 643 738 741 810; x_wconf 82' lang='grc' dir='ltr'><strong><em>ένεργοι</em></strong></span> <span class='ocrx_word' id='word_1_55' title='bbox 733 729 955 808; x_wconf 87' lang='grc' dir='ltr'><strong><em>βουλόμενοι’</em></strong></span> <span class='ocrx_word' id='word_1_56' title='bbox 933 758 963 790; x_wconf 90' lang='grc' dir='ltr'><strong><em>ει-</em></strong></span> 
     </span>
     <span class='ocr_line' id='line_1_9' title="bbox 156 811 961 920; baseline -0.005 -45"><span class='ocrx_word' id='word_1_57' title='bbox 156 839 216 876; x_wconf 88' lang='grc' dir='ltr'><strong><em>νάι</em></strong></span> <span class='ocrx_word' id='word_1_58' title='bbox 236 813 342 920; x_wconf 81' lang='grc' dir='ltr'><strong><em>άγρντες</em></strong></span> <span class='ocrx_word' id='word_1_59' title='bbox 356 817 383 873; x_wconf 88' lang='grc' dir='ltr'><strong><em>δέ</em></strong></span> <span class='ocrx_word' id='word_1_60' title='bbox 394 812 502 881; x_wconf 64' lang='grc' dir='ltr'><strong><em>τούτους</em></strong></span> <span class='ocrx_word' id='word_1_61' title='bbox 516 811 572 880; x_wconf 65' lang='lat'><strong><em>09⁵¹</em></strong></span> <span class='ocrx_word' id='word_1_62' title='bbox 555 835 617 891; x_wconf 83' lang='grc' dir='ltr'><strong><em>σφιν</em></strong></span> <span class='ocrx_word' id='word_1_63' title='bbox 630 811 677 886; x_wconf 75' lang='grc' dir='ltr'><strong><em>τὴν</em></strong></span> <span class='ocrx_word' id='word_1_64' title='bbox 691 815 824 914; x_wconf 76' lang='grc' dir='ltr'><strong><em>βραδέος,</em></strong></span> <span class='ocrx_word' id='word_1_65' title='bbox 843 813 961 874; x_wconf 78' lang='grc' dir='ltr'><strong><em>ἐπυνθά-</em></strong></span> 
     </span>
     <span class='ocr_line' id='line_1_10' title="bbox 156 894 962 999; baseline -0.003 -43"><span class='ocrx_word' id='word_1_66' title='bbox 156 923 233 960; x_wconf 89' lang='grc' dir='ltr'><strong><em>νοντο</em></strong></span> <span class='ocrx_word' id='word_1_67' title='bbox 252 901 278 958; x_wconf 82' lang='grc' dir='ltr'><strong><em>οἱ</em></strong></span> <span class='ocrx_word' id='word_1_68' title='bbox 291 902 410 999; x_wconf 79' lang='grc' dir='ltr'><strong><em>Πέρσαι</em></strong></span> <span class='ocrx_word' id='word_1_69' title='bbox 413 900 492 999; x_wconf 81' lang='grc' dir='ltr'><strong><em>περὶ</em></strong></span> <span class='ocrx_word' id='word_1_70' title='bbox 490 899 541 955; x_wconf 81' lang='grc' dir='ltr'><strong><em>τῶν</em></strong></span> <span class='ocrx_word' id='word_1_71' title='bbox 551 895 673 969; x_wconf 76' lang='grc' dir='ltr'><strong><em>Ἑλλήνων</em></strong></span> <span class='ocrx_word' id='word_1_72' title='bbox 689 894 723 954; x_wconf 86' lang='grc' dir='ltr'><strong><em>τά</em></strong></span> <span class='ocrx_word' id='word_1_73' title='bbox 738 901 873 956; x_wconf 81' lang='grc' dir='ltr'><strong><em>ττοιέοιεν·</em></strong></span> <span class='ocrx_word' id='word_1_74' title='bbox 896 895 962 966; x_wconf 78' lang='grc' dir='ltr'><strong><em>είςδὲ</em></strong></span> 
     </span>
     <span class='ocr_line' id='line_1_11' title="bbox 157 977 959 1060; baseline 0.001 -20"><span class='ocrx_word' id='word_1_75' title='bbox 157 1007 195 1050; x_wconf 86' lang='grc' dir='ltr'><strong><em>τις</em></strong></span> <span class='ocrx_word' id='word_1_76' title='bbox 208 979 260 1060; x_wconf 82' lang='grc' dir='ltr'><strong><em>πρὸ</em></strong></span> <span class='ocrx_word' id='word_1_77' title='bbox 276 979 381 1038; x_wconf 81' lang='grc' dir='ltr'><strong><em>πάντων</em></strong></span> <span class='ocrx_word' id='word_1_78' title='bbox 394 1004 426 1052; x_wconf 91' lang='grc' dir='ltr'><strong><em>ην</em></strong></span> <span class='ocrx_word' id='word_1_79' title='bbox 440 979 455 1039; x_wconf 91' lang='lat'>6</span> <span class='ocrx_word' id='word_1_80' title='bbox 468 980 592 1056; x_wconf 83' lang='grc' dir='ltr'><strong><em>εἶρωτέων</em></strong></span> <span class='ocrx_word' id='word_1_81' title='bbox 607 977 704 1045; x_wconf 74' lang='grc' dir='ltr'><strong><em>αὐτοὺς</em></strong></span> <span class='ocrx_word' id='word_1_82' title='bbox 716 979 814 1038; x_wconf 74' lang='grc' dir='ltr'><strong><em>ταῦτα.</em></strong></span> <span class='ocrx_word' id='word_1_83' title='bbox 838 983 913 1041; x_wconf 79' lang='grc' dir='ltr'><strong><em>οἶδε’</em></strong></span> <span class='ocrx_word' id='word_1_84' title='bbox 923 1005 959 1054; x_wconf 76' lang='grc' dir='ltr'><strong><em>σφ’</em></strong></span> 
     </span>
     <span class='ocr_line' id='line_1_12' title="bbox 157 1059 958 1166; baseline -0.003 -44"><span class='ocrx_word' id='word_1_85' title='bbox 157 1062 277 1141; x_wconf 71' lang='grc' dir='ltr'><strong><em>ἔλεγονε</em></strong></span> <span class='ocrx_word' id='word_1_86' title='bbox 257 1087 293 1130; x_wconf 81' lang='grc' dir='ltr'><strong><em>ως</em></strong></span> <span class='ocrx_word' id='word_1_87' title='bbox 303 1060 467 1138; x_wconf 57' lang='lat' dir='ltr'><strong><em>’olimst</em></strong></span> <span class='ocrx_word' id='word_1_88' title='bbox 449 1085 536 1139; x_wconf 87' lang='grc' dir='ltr'><strong><em>αγοιεν</em></strong></span> <span class='ocrx_word' id='word_1_89' title='bbox 549 1087 593 1120; x_wconf 90' lang='grc' dir='ltr'><strong><em>και</em></strong></span> <span class='ocrx_word' id='word_1_90' title='bbox 583 1059 780 1166; x_wconf 72' lang='grc' dir='ltr'><strong><em>θρωρέοιεν’</em></strong></span> <span class='ocrx_word' id='word_1_91' title='bbox 765 1063 866 1138; x_wconf 84' lang='grc' dir='ltr'><strong><em>αγῶνα</em></strong></span> <span class='ocrx_word' id='word_1_92' title='bbox 881 1088 958 1142; x_wconf 78' lang='grc' dir='ltr'><strong><em>γιμιι·</em></strong></span> 
     </span>
     <span class='ocr_line' id='line_1_13' title="bbox 157 1140 959 1222; baseline -0.005 -16"><span class='ocrx_word' id='word_1_93' title='bbox 157 1145 204 1208; x_wconf 83' lang='grc' dir='ltr'><strong><em>κόν</em></strong></span> <span class='ocrx_word' id='word_1_94' title='bbox 217 1149 261 1206; x_wconf 80' lang='grc' dir='ltr'><strong><em>καὶ</em></strong></span> <span class='ocrx_word' id='word_1_95' title='bbox 275 1145 388 1205; x_wconf 76' lang='grc' dir='ltr'><strong><em>ἱππικόν.</em></strong></span> <span class='ocrx_word' id='word_1_96' title='bbox 416 1171 431 1205; x_wconf 96' lang='lat'>0</span> <span class='ocrx_word' id='word_1_97' title='bbox 420 1143 477 1204; x_wconf 89' lang='grc' dir='ltr'><strong><em>δὲ</em></strong></span> <span class='ocrx_word' id='word_1_98' title='bbox 495 1142 641 1222; x_wconf 67' lang='grc' dir='ltr'><strong><em>ίπείρετο“’</em></strong></span> <span class='ocrx_word' id='word_1_99' title='bbox 626 1169 641 1203; x_wconf 93' lang='grc' dir='ltr'><strong><em>ο</em></strong></span> <span class='ocrx_word' id='word_1_100' title='bbox 660 1169 684 1202; x_wconf 89' lang='grc' dir='ltr'><strong><em>τι</em></strong></span> <span class='ocrx_word' id='word_1_101' title='bbox 697 1141 727 1203; x_wconf 88' lang='grc' dir='ltr'><strong><em>τό</em></strong></span> <span class='ocrx_word' id='word_1_102' title='bbox 743 1140 901 1206; x_wconf 84' lang='grc' dir='ltr'><strong><em>όίεθλον</em></strong></span> <span class='ocrx_word' id='word_1_103' title='bbox 871 1172 912 1220; x_wconf 86' lang='grc' dir='ltr'><strong><em>ειη</em></strong></span> <span class='ocrx_word' id='word_1_104' title='bbox 925 1171 959 1220; x_wconf 81' lang='grc' dir='ltr'><strong><em>σηι</em></strong></span> 
     </span>
     <span class='ocr_line' id='line_1_14' title="bbox 158 1224 960 1308; baseline -0.003 -20"><span class='ocrx_word' id='word_1_105' title='bbox 158 1235 280 1307; x_wconf 87' lang='grc' dir='ltr'><strong><em>κείμενον,</em></strong></span> <span class='ocrx_word' id='word_1_106' title='bbox 293 1231 353 1308; x_wconf 77' lang='grc' dir='ltr'><strong><em>περὶ</em></strong></span> <span class='ocrx_word' id='word_1_107' title='bbox 367 1225 426 1288; x_wconf 82' lang='grc' dir='ltr'><strong><em>ότευ</em></strong></span> <span class='ocrx_word' id='word_1_108' title='bbox 442 1225 622 1304; x_wconf 65' lang='grc' dir='ltr'><strong><em>ιῖγωνίζονται</em></strong></span> <span class='ocrx_word' id='word_1_109' title='bbox 644 1252 670 1286; x_wconf 85' lang='grc' dir='ltr'><strong><em>οι</em></strong></span> <span class='ocrx_word' id='word_1_110' title='bbox 661 1224 712 1284; x_wconf 84' lang='lat'><strong><em>‘’6</em></strong></span> <span class='ocrx_word' id='word_1_111' title='bbox 728 1224 858 1286; x_wconf 74' lang='grc' dir='ltr'><strong><em>εἶπον</em></strong></span> <span class='ocrx_word' id='word_1_112' title='bbox 824 1254 876 1303; x_wconf 91' lang='grc' dir='ltr'><strong><em>της</em></strong></span> <span class='ocrx_word' id='word_1_113' title='bbox 890 1236 960 1301; x_wconf 74' lang='grc' dir='ltr'><strong><em>ἐλαίης</em></strong></span> 
     </span>
     <span class='ocr_line' id='line_1_15' title="bbox 158 1311 958 1402; baseline -0.003 -29"><span class='ocrx_word' id='word_1_114' title='bbox 158 1311 205 1373; x_wconf 86' lang='grc' dir='ltr'><strong><em>τὸν</em></strong></span> <span class='ocrx_word' id='word_1_115' title='bbox 223 1311 357 1389; x_wconf 72' lang='grc' dir='ltr'><strong><em>διδόμενον</em></strong></span> <span class='ocrx_word' id='word_1_116' title='bbox 376 1315 513 1386; x_wconf 86' lang='grc' dir='ltr'><strong><em>στέφανον.</em></strong></span> <span class='ocrx_word' id='word_1_117' title='bbox 541 1311 661 1369; x_wconf 81' lang='grc' dir='ltr'><strong><em>ε’νθαδτοι</em></strong></span> <span class='ocrx_word' id='word_1_118' title='bbox 679 1313 756 1376; x_wconf 80' lang='grc' dir='ltr'><strong><em>εἷιτας</em></strong></span> <span class='ocrx_word' id='word_1_119' title='bbox 778 1311 897 1388; x_wconf 81' lang='grc' dir='ltr'><strong><em>γνώμην</em></strong></span> <span class='ocrx_word' id='word_1_120' title='bbox 871 1337 958 1402; x_wconf 80' lang='grc' dir='ltr'><strong><em>γει·-</em></strong></span> 
     </span>
     <span class='ocr_line' id='line_1_16' title="bbox 159 1391 960 1496; baseline -0.001 -42"><span class='ocrx_word' id='word_1_121' title='bbox 159 1393 300 1496; x_wconf 80' lang='grc' dir='ltr'><strong><em>ναιρτότην</em></strong></span> <span class='ocrx_word' id='word_1_122' title='bbox 326 1399 528 1474; x_wconf 81' lang='grc' dir='ltr'><strong><em>Τριτανταίχμης</em></strong></span> <span class='ocrx_word' id='word_1_123' title='bbox 551 1419 567 1452; x_wconf 92' lang='lat'>0</span> <span class='ocrx_word' id='word_1_124' title='bbox 555 1391 746 1471; x_wconf 71' lang='grc' dir='ltr'><strong><em>Ἀρταβάνου</em></strong></span> <span class='ocrx_word' id='word_1_125' title='bbox 773 1396 879 1469; x_wconf 85' lang='grc' dir='ltr'><strong><em>δειλίην</em></strong></span> <span class='ocrx_word' id='word_1_126' title='bbox 906 1401 960 1472; x_wconf 83' lang='grc' dir='ltr'><strong><em>ὠφλι</em></strong></span> 
     </span>
     <span class='ocr_line' id='line_1_17' title="bbox 158 1473 959 1556; baseline -0.001 -18"><span class='ocrx_word' id='word_1_127' title='bbox 158 1477 228 1556; x_wconf 81' lang='grc' dir='ltr'><strong><em>πρὸς</em></strong></span> <span class='ocrx_word' id='word_1_128' title='bbox 239 1479 366 1552; x_wconf 79' lang='grc' dir='ltr'><strong><em>βασιλέος.</em></strong></span> <span class='ocrx_word' id='word_1_129' title='bbox 395 1475 596 1554; x_wconf 82' lang='grc' dir='ltr'><strong><em>πυνθανόμενος</em></strong></span> <span class='ocrx_word' id='word_1_130' title='bbox 608 1475 662 1554; x_wconf 83' lang='grc' dir='ltr'><strong><em>γάρ</em></strong></span> <span class='ocrx_word' id='word_1_131' title='bbox 680 1474 711 1536; x_wconf 86' lang='grc' dir='ltr'><strong><em>τό</em></strong></span> <span class='ocrx_word' id='word_1_132' title='bbox 725 1473 836 1537; x_wconf 71' lang='grc' dir='ltr'><strong><em>ἄεθλον</em></strong></span> <span class='ocrx_word' id='word_1_133' title='bbox 851 1479 901 1540; x_wconf 76' lang='grc' dir='ltr'><strong><em>ἐὸν</em></strong></span> <span class='ocrx_word' id='word_1_134' title='bbox 915 1483 959 1542; x_wconf 75' lang='grc' dir='ltr'><strong><em>οτέ</em></strong></span> 
     </span>
     <span class='ocr_line' id='line_1_18' title="bbox 160 1557 961 1637; baseline 0.003 -19"><span class='ocrx_word' id='word_1_135' title='bbox 160 1583 252 1634; x_wconf 87' lang='grc' dir='ltr'><strong><em>φονον,</em></strong></span> <span class='ocrx_word' id='word_1_136' title='bbox 269 1557 324 1618; x_wconf 75' lang='grc' dir='ltr'><strong><em>ἄλλ’</em></strong></span> <span class='ocrx_word' id='word_1_137' title='bbox 340 1585 372 1620; x_wconf 89' lang='grc' dir='ltr'><strong><em>οιι</em></strong></span> <span class='ocrx_word' id='word_1_138' title='bbox 360 1557 558 1637; x_wconf 82' lang='grc' dir='ltr'><strong><em>’χρήματο,’</em></strong></span> <span class='ocrx_word' id='word_1_139' title='bbox 526 1583 586 1619; x_wconf 87' lang='grc' dir='ltr'><strong><em>οιιτε</em></strong></span> <span class='ocrx_word' id='word_1_140' title='bbox 596 1558 716 1636; x_wconf 72' lang='grc' dir='ltr'><strong><em>ἠνέσχετο</em></strong></span> <span class='ocrx_word' id='word_1_141' title='bbox 731 1560 818 1636; x_wconf 76' lang='grc' dir='ltr'><strong><em>σιγῶν</em></strong></span> <span class='ocrx_word' id='word_1_142' title='bbox 832 1559 897 1623; x_wconf 78' lang='grc' dir='ltr'><strong><em>εἶπέ</em></strong></span> <span class='ocrx_word' id='word_1_143' title='bbox 908 1568 961 1626; x_wconf 79' lang='grc' dir='ltr'><strong><em>τιίς</em></strong></span> 
     </span>
     <span class='ocr_line' id='line_1_19' title="bbox 157 1640 961 1749; baseline 0.006 -49"><span class='ocrx_word' id='word_1_144' title='bbox 157 1641 261 1708; x_wconf 82' lang='grc' dir='ltr'><strong><em>πάντας</em></strong></span> <span class='ocrx_word' id='word_1_145' title='bbox 282 1640 361 1701; x_wconf 87' lang='grc' dir='ltr'><strong><em>τάδε</em></strong></span> <span class='ocrx_word' id='word_1_146' title='bbox 400 1646 508 1712; x_wconf 81' lang='grc' dir='ltr'><strong><em>Παταί,</em></strong></span> <span class='ocrx_word' id='word_1_147' title='bbox 520 1641 668 1722; x_wconf 88' lang='grc' dir='ltr'><strong><em>Μαρδόνιε,</em></strong></span> <span class='ocrx_word' id='word_1_148' title='bbox 689 1647 835 1749; x_wconf 76' lang='grc' dir='ltr'><strong><em>κοίριιςέπ</em></strong></span> <span class='ocrx_word' id='word_1_149' title='bbox 837 1643 961 1746; x_wconf 76' lang='grc' dir='ltr'><strong><em>’δι’νδρρς</em></strong></span> 
     </span>
     <span class='ocr_line' id='line_1_20' title="bbox 157 1723 961 1833; baseline 0.005 -49"><span class='ocrx_word' id='word_1_150' title='bbox 157 1747 256 1828; x_wconf 79' lang='grc' dir='ltr'><strong><em>ηγοιχις</em></strong></span> <span class='ocrx_word' id='word_1_151' title='bbox 272 1729 468 1802; x_wconf 80' lang='grc' dir='ltr'><strong><em>μαχησομένους</em></strong></span> <span class='ocrx_word' id='word_1_152' title='bbox 484 1725 575 1801; x_wconf 73' lang='grc' dir='ltr'><strong><em>ἡμέας,</em></strong></span> <span class='ocrx_word' id='word_1_153' title='bbox 597 1726 625 1785; x_wconf 83' lang='grc' dir='ltr'><strong><em>οἳ</em></strong></span> <span class='ocrx_word' id='word_1_154' title='bbox 641 1723 673 1785; x_wconf 86' lang='lat'><strong><em>06</em></strong></span> <span class='ocrx_word' id='word_1_155' title='bbox 684 1727 744 1804; x_wconf 79' lang='grc' dir='ltr'><strong><em>περί</em></strong></span> <span class='ocrx_word' id='word_1_156' title='bbox 760 1726 914 1833; x_wconf 87' lang='grc' dir='ltr'><strong><em>χρημάτων</em></strong></span> <span class='ocrx_word' id='word_1_157' title='bbox 926 1727 961 1790; x_wconf 82' lang='grc' dir='ltr'><strong><em>τόν</em></strong></span> 
     </span>
     <span class='ocr_line' id='line_1_21' title="bbox 160 1805 960 1892; baseline 0.001 -24"><span class='ocrx_word' id='word_1_158' title='bbox 160 1807 250 1886; x_wconf 77' lang='grc' dir='ltr'><strong><em>ιἰηῶνα</em></strong></span> <span class='ocrx_word' id='word_1_159' title='bbox 272 1809 419 1876; x_wconf 76' lang='grc' dir='ltr'><strong><em>ποιεῦνται,</em></strong></span> <span class='ocrx_word' id='word_1_160' title='bbox 446 1805 511 1868; x_wconf 70' lang='grc' dir='ltr'><strong><em>ἀλλὰ</em></strong></span> <span class='ocrx_word' id='word_1_161' title='bbox 532 1811 592 1888; x_wconf 73' lang='grc' dir='ltr'><strong><em>περὶ</em></strong></span> <span class='ocrx_word' id='word_1_162' title='bbox 614 1805 713 1887; x_wconf 81' lang='grc' dir='ltr'><strong><em>άρετης.</em></strong></span> <span class='ocrx_word' id='word_1_163' title='bbox 746 1807 836 1888; x_wconf 73' lang='grc' dir='ltr'><strong><em>τούτῳ</em></strong></span> <span class='ocrx_word' id='word_1_164' title='bbox 864 1818 915 1892; x_wconf 79' lang='grc' dir='ltr'><strong><em>μὲν</em></strong></span> <span class='ocrx_word' id='word_1_165' title='bbox 938 1809 960 1880; x_wconf 83' lang='grc' dir='ltr'><strong><em>δι,</em></strong></span> 
     </span>
     <span class='ocr_line' id='line_1_22' title="bbox 159 1893 349 1994; baseline -0.016 -42"><span class='ocrx_word' id='word_1_166' title='bbox 159 1893 243 1952; x_wconf 75' lang='grc' dir='ltr'><strong><em>ταῦτα</em></strong></span> <span class='ocrx_word' id='word_1_167' title='bbox 256 1895 349 1994; x_wconf 69' lang='grc' dir='ltr'><strong><em>εἴρητο.</em></strong></span> 
     </span>
    </p>

    <p class='ocr_par' dir='ltr' id='par_1_4' title="bbox 161 1973 960 2718">
     <span class='ocr_line' id='line_1_23' title="bbox 223 1973 958 2082; baseline 0.01 -49"><span class='ocrx_word' id='word_1_168' title='bbox 223 1983 264 2033; x_wconf 85' lang='grc'><strong><em>27.</em></strong></span> <span class='ocrx_word' id='word_1_169' title='bbox 279 1973 410 2050; x_wconf 79' lang='grc' dir='ltr'><strong><em>Ἔνδὲτῷ</em></strong></span> <span class='ocrx_word' id='word_1_170' title='bbox 425 1973 562 2050; x_wconf 83' lang='grc' dir='ltr'><strong><em>διάμέσσο</em></strong></span> <span class='ocrx_word' id='word_1_171' title='bbox 572 1973 671 2082; x_wconf 83' lang='grc' dir='ltr'><strong><em>χρόνῳ,</em></strong></span> <span class='ocrx_word' id='word_1_172' title='bbox 694 1979 790 2034; x_wconf 78' lang='grc' dir='ltr'><strong><em>ἐπείτε</em></strong></span> <span class='ocrx_word' id='word_1_173' title='bbox 805 1975 840 2039; x_wconf 87' lang='grc' dir='ltr'><strong><em>τό</em></strong></span> <span class='ocrx_word' id='word_1_174' title='bbox 856 1985 887 2038; x_wconf 76' lang='grc' dir='ltr'><strong><em>ἐν</em></strong></span> <span class='ocrx_word' id='word_1_175' title='bbox 905 1989 958 2054; x_wconf 84' lang='grc' dir='ltr'><strong><em>θερ-</em></strong></span> 
     </span>
     <span class='ocr_line' id='line_1_24' title="bbox 161 2055 960 2164; baseline 0.003 -48"><span class='ocrx_word' id='word_1_176' title='bbox 161 2057 294 2158; x_wconf 82' lang='grc' dir='ltr'><strong><em>μρττόλησι</em></strong></span> <span class='ocrx_word' id='word_1_177' title='bbox 312 2057 403 2134; x_wconf 81' lang='grc' dir='ltr'><strong><em>τρῶμα</em></strong></span> <span class='ocrx_word' id='word_1_178' title='bbox 420 2055 547 2134; x_wconf 62' lang='grc' dir='ltr'><strong><em>φεγάνεε,</em></strong></span> <span class='ocrx_word' id='word_1_179' title='bbox 571 2057 662 2117; x_wconf 76' lang='grc' dir='ltr'><strong><em>αὐτίκα</em></strong></span> <span class='ocrx_word' id='word_1_180' title='bbox 679 2061 814 2118; x_wconf 76' lang='grc' dir='ltr'><strong><em>Θεσσαλοὶ</em></strong></span> <span class='ocrx_word' id='word_1_181' title='bbox 834 2066 960 2164; x_wconf 82' lang='grc' dir='ltr'><strong><em>πέμπρισι</em></strong></span> 
     </span>
     <span class='ocr_line' id='line_1_25' title="bbox 162 2138 958 2241; baseline 0.003 -43"><span class='ocrx_word' id='word_1_182' title='bbox 162 2141 260 2241; x_wconf 78' lang='grc' dir='ltr'><strong><em>κη’ρακα</em></strong></span> <span class='ocrx_word' id='word_1_183' title='bbox 274 2146 299 2206; x_wconf 79' lang='grc' dir='ltr'><strong><em>ἐς</em></strong></span> <span class='ocrx_word' id='word_1_184' title='bbox 314 2144 426 2208; x_wconf 68' lang='grc' dir='ltr'><strong><em>Φωκέας,</em></strong></span> <span class='ocrx_word' id='word_1_185' title='bbox 440 2138 485 2198; x_wconf 81' lang='grc' dir='ltr'><strong><em>άτε</em></strong></span> <span class='ocrx_word' id='word_1_186' title='bbox 498 2164 547 2214; x_wconf 91' lang='grc' dir='ltr'><strong><em>σφι</em></strong></span> <span class='ocrx_word' id='word_1_187' title='bbox 560 2145 685 2214; x_wconf 81' lang='grc' dir='ltr'><strong><em>ένέχοντες</em></strong></span> <span class='ocrx_word' id='word_1_188' title='bbox 699 2143 749 2200; x_wconf 79' lang='grc' dir='ltr'><strong><em>αἲει</em></strong></span> <span class='ocrx_word' id='word_1_189' title='bbox 740 2139 887 2215; x_wconf 78' lang='grc' dir='ltr'><strong><em>χόλον,’</em></strong></span> <span class='ocrx_word' id='word_1_190' title='bbox 870 2167 958 2205; x_wconf 84' lang='grc' dir='ltr'><strong><em>αποι</em></strong></span> <span class='ocrx_word' id='word_1_191' title='bbox 917 2143 958 2200; x_wconf 85' lang='grc' dir='ltr'><strong><em>“ἑδ</em></strong></span> 
     </span>
     <span class='ocr_line' id='line_1_26' title="bbox 162 2221 958 2330; baseline 0.003 -50"><span class='ocrx_word' id='word_1_192' title='bbox 162 2224 210 2282; x_wconf 78' lang='grc' dir='ltr'><strong><em>τοῦ</em></strong></span> <span class='ocrx_word' id='word_1_193' title='bbox 226 2221 343 2282; x_wconf 82' lang='grc' dir='ltr'><strong><em>δστάτοιι</em></strong></span> <span class='ocrx_word' id='word_1_194' title='bbox 360 2221 501 2330; x_wconf 78' lang='grc' dir='ltr'><strong><em>τρώματος</em></strong></span> <span class='ocrx_word' id='word_1_195' title='bbox 511 2225 556 2281; x_wconf 79' lang='grc' dir='ltr'><strong><em>καὶ</em></strong></span> <span class='ocrx_word' id='word_1_196' title='bbox 573 2223 603 2283; x_wconf 85' lang='grc' dir='ltr'><strong><em>τὸ</em></strong></span> <span class='ocrx_word' id='word_1_197' title='bbox 621 2221 713 2302; x_wconf 87' lang='grc' dir='ltr'><strong><em>νάρτα.</em></strong></span> <span class='ocrx_word' id='word_1_198' title='bbox 740 2225 943 2299; x_wconf 73' lang='grc' dir='ltr'><strong><em>ἐσβαλόντες</em></strong></span> <span class='ocrx_word' id='word_1_199' title='bbox 917 2249 958 2327; x_wconf 80' lang='grc' dir='ltr'><strong><em>γρρ</em></strong></span> 
     </span>
     <span class='ocr_line' id='line_1_27' title="bbox 162 2303 957 2412; baseline 0.005 -49"><span class='ocrx_word' id='word_1_200' title='bbox 162 2307 328 2383; x_wconf 77' lang='grc' dir='ltr'><strong><em>πανστρατιῇ</em></strong></span> <span class='ocrx_word' id='word_1_201' title='bbox 341 2303 418 2365; x_wconf 81' lang='grc' dir='ltr'><strong><em>αιίτοί</em></strong></span> <span class='ocrx_word' id='word_1_202' title='bbox 433 2329 461 2370; x_wconf 84' lang='grc' dir='ltr'><strong><em>τε</em></strong></span> <span class='ocrx_word' id='word_1_203' title='bbox 474 2331 500 2364; x_wconf 91' lang='grc' dir='ltr'><strong><em>οι</em></strong></span> <span class='ocrx_word' id='word_1_204' title='bbox 491 2307 650 2368; x_wconf 65' lang='grc' dir='ltr'><strong><em>’Θεσσαλοὶ</em></strong></span> <span class='ocrx_word' id='word_1_205' title='bbox 662 2309 706 2366; x_wconf 80' lang='grc' dir='ltr'><strong><em>καί</em></strong></span> <span class='ocrx_word' id='word_1_206' title='bbox 724 2308 750 2366; x_wconf 82' lang='grc' dir='ltr'><strong><em>οἶ</em></strong></span> <span class='ocrx_word' id='word_1_207' title='bbox 764 2306 923 2412; x_wconf 78' lang='grc' dir='ltr'><strong><em>ρόμμαχοι</em></strong></span> <span class='ocrx_word' id='word_1_208' title='bbox 918 2307 957 2368; x_wconf 83' lang='lat'><strong><em>06-</em></strong></span> 
     </span>
     <span class='ocr_line' id='line_1_28' title="bbox 162 2385 959 2492; baseline 0.008 -48"><span class='ocrx_word' id='word_1_209' title='bbox 162 2391 214 2446; x_wconf 80' lang='grc' dir='ltr'><strong><em>τῶν</em></strong></span> <span class='ocrx_word' id='word_1_210' title='bbox 227 2395 252 2454; x_wconf 83' lang='grc' dir='ltr'><strong><em>ές</em></strong></span> <span class='ocrx_word' id='word_1_211' title='bbox 265 2387 325 2455; x_wconf 84' lang='grc' dir='ltr'><strong><em>τοδς</em></strong></span> <span class='ocrx_word' id='word_1_212' title='bbox 340 2391 452 2456; x_wconf 81' lang='grc' dir='ltr'><strong><em>Φωκέας,</em></strong></span> <span class='ocrx_word' id='word_1_213' title='bbox 467 2413 500 2447; x_wconf 85' lang='grc' dir='ltr'><strong><em>ον</em></strong></span> <span class='ocrx_word' id='word_1_214' title='bbox 487 2385 660 2448; x_wconf 76' lang='grc' dir='ltr'><strong><em>πολλοῖσι”</em></strong></span> <span class='ocrx_word' id='word_1_215' title='bbox 641 2414 711 2450; x_wconf 76' lang='grc' dir='ltr'><strong><em>ετεσι</em></strong></span> <span class='ocrx_word' id='word_1_216' title='bbox 723 2389 874 2492; x_wconf 87' lang='grc' dir='ltr'><strong><em>πρότερον</em></strong></span> <span class='ocrx_word' id='word_1_217' title='bbox 871 2391 959 2464; x_wconf 82' lang='grc' dir='ltr'><strong><em>ταότης</em></strong></span> 
     </span>
     <span class='ocr_line' id='line_1_29' title="bbox 162 2471 958 2548; baseline 0.01 -22"><span class='ocrx_word' id='word_1_218' title='bbox 162 2472 207 2540; x_wconf 80' lang='grc' dir='ltr'><strong><em>τῆς</em></strong></span> <span class='ocrx_word' id='word_1_219' title='bbox 223 2473 342 2544; x_wconf 85' lang='grc' dir='ltr'><strong><em>βασιλέας</em></strong></span> <span class='ocrx_word' id='word_1_220' title='bbox 360 2475 561 2548; x_wconf 85' lang='grc' dir='ltr'><strong><em>στρατηλασίης,</em></strong></span> <span class='ocrx_word' id='word_1_221' title='bbox 583 2471 780 2545; x_wconf 79' lang='grc' dir='ltr'><strong><em>ἑσσώθησαν</em></strong></span> <span class='ocrx_word' id='word_1_222' title='bbox 766 2471 821 2532; x_wconf 77' lang='grc' dir='ltr'><strong><em>ιττό</em></strong></span> <span class='ocrx_word' id='word_1_223' title='bbox 836 2475 892 2533; x_wconf 86' lang='grc' dir='ltr'><strong><em>τῶν</em></strong></span> <span class='ocrx_word' id='word_1_224' title='bbox 908 2487 958 2534; x_wconf 85' lang='grc' dir='ltr'><strong><em>Φω-</em></strong></span> 
     </span>
     <span class='ocr_line' id='line_1_30' title="bbox 161 2552 958 2633; baseline 0.011 -27"><span class='ocrx_word' id='word_1_225' title='bbox 161 2557 224 2610; x_wconf 84' lang='grc' dir='ltr'><strong><em>κέων</em></strong></span> <span class='ocrx_word' id='word_1_226' title='bbox 241 2555 286 2612; x_wconf 78' lang='grc' dir='ltr'><strong><em>καὶ</em></strong></span> <span class='ocrx_word' id='word_1_227' title='bbox 302 2557 488 2630; x_wconf 78' lang='grc' dir='ltr'><strong><em>περιέφθησαν</em></strong></span> <span class='ocrx_word' id='word_1_228' title='bbox 498 2559 615 2630; x_wconf 82' lang='grc' dir='ltr'><strong><em>τρηχέως.</em></strong></span> <span class='ocrx_word' id='word_1_229' title='bbox 643 2559 747 2614; x_wconf 80' lang='grc' dir='ltr'><strong><em>ἐπείτε</em></strong></span> <span class='ocrx_word' id='word_1_230' title='bbox 767 2552 823 2633; x_wconf 85' lang='grc' dir='ltr'><strong><em>γάρ</em></strong></span> <span class='ocrx_word' id='word_1_231' title='bbox 847 2555 958 2630; x_wconf 72' lang='grc' dir='ltr'><strong><em>κατειλή·</em></strong></span> 
     </span>
     <span class='ocr_line' id='line_1_31' title="bbox 161 2633 960 2718; baseline 0.006 -29"><span class='ocrx_word' id='word_1_232' title='bbox 161 2639 256 2702; x_wconf 84' lang='grc' dir='ltr'><strong><em>θησαν</em></strong></span> <span class='ocrx_word' id='word_1_233' title='bbox 274 2643 298 2701; x_wconf 75' lang='grc' dir='ltr'><strong><em>ἐς</em></strong></span> <span class='ocrx_word' id='word_1_234' title='bbox 314 2633 361 2694; x_wconf 87' lang='grc' dir='ltr'><strong><em>τὸν</em></strong></span> <span class='ocrx_word' id='word_1_235' title='bbox 376 2635 541 2712; x_wconf 81' lang='grc' dir='ltr'><strong><em>Παρνησσὸν</em></strong></span> <span class='ocrx_word' id='word_1_236' title='bbox 562 2638 589 2696; x_wconf 82' lang='lat'><strong><em>06</em></strong></span> <span class='ocrx_word' id='word_1_237' title='bbox 609 2641 722 2707; x_wconf 81' lang='grc' dir='ltr'><strong><em>Φωκέες,</em></strong></span> <span class='ocrx_word' id='word_1_238' title='bbox 748 2639 853 2710; x_wconf 76' lang='grc' dir='ltr'><strong><em>ἔχοντες</em></strong></span> <span class='ocrx_word' id='word_1_239' title='bbox 875 2639 960 2718; x_wconf 87' lang='grc' dir='ltr'><strong><em>μάντιν</em></strong></span> 
     </span>
    </p>
   </div>
   <div class='ocr_carea' id='block_1_3' title="bbox 0 1 997 2926">
    <p class='ocr_par' dir='ltr' id='par_1_5' title="bbox 0 1 997 2926">
     <span class='ocr_line' id='line_1_32' title="bbox 0 1 997 2926; baseline 0 0"><span class='ocrx_word' id='word_1_240' title='bbox 0 1 997 2926; x_wconf 95' lang='lat' dir='ltr'><strong><em> </em></strong></span> 
     </span>
    </p>
   </div>
  </div>
 </body>
</html>
