1950 2924
141 207 190 261 Ἀλλ
444 210 650 270 HERODQTI

203 325 244 376 λλ.
275 315 356 376 Μετά
376 319 404 376 δέ
424 315 471 390 τήν
493 315 660 395 ἐπειρώτησιν
682 314 737 374 τοῖν
754 319 901 394 χρησμῶν
919 320 953 376 καὶ

140 405 294 478 παραίνεσιν
310 399 396 472 τήνδε
410 403 565 478 Μαρδονίου
582 398 631 466 νόξ
643 421 671 456 τε
684 402 788 476 ἐγίνετο
803 403 857 458 καῖ
872 407 898 468 ἐς
911 426 952 476 ρυ-

140 481 221 550 λακὰς
234 480 386 544 ἐτάσσοντο.
408 481 449 550 ’ὧς
462 485 489 541 δὲ
502 481 597 560 πρόσω
613 482 658 553 τής
670 479 767 558 νυκτός
779 483 952 559 προελήλατο,

140 569 186 629 καὶ
197 563 290 638 ήσυχίη
304 563 388 626 ἐδόκεε
400 563 467 623 εἶναι
480 563 531 624 ἆνά
544 562 577 623 τά
592 560 763 640 στρατόπεδα
776 567 831 622 καὶ
844 565 951 640 μάλιστα

142 672 169 708 οι
159 646 323 746 ’ἅνθρωποι
336 645 402 706 εἶναι
415 645 471 706 ἐν
455 671 540 747 vnvq23
562 646 700 718 τηνικαῦτα
711 647 926 746 προσελάσας“
915 671 949 706 ιπ

141 754 184 806 περ
205 727 273 807 πρὸς
294 726 342 796 τάς
362 728 479 804 φυλακάς
504 727 553 796 τάς
575 727 723 800 Αθηναίων
741 727 948 808 Ἀλέξανδροςό

137 809 277 888 Ἀμύντεω,
299 811 445 889 στρατηγός
461 835 489 870 τε
505 809 554 870 ἐιδν
571 835 615 870 και
606 806 757 884 βασιλευς
775 813 945 878 Μακεδόνων,

142 899 239 967 ἐδίζητο
252 900 322 954 τοῖσι
335 901 506 972 στρατηγοῖσι
519 901 543 957 ἐς
556 891 650 969 λόγους
662 898 761 950 ἐλθεῖν.
792 896 854 952 τῶν
867 900 945 954 δέ
906 919 945 968 σι

142 975 269 1036 λάσιονε
243 1001 268 1038 οι
281 981 331 1077 μὲν
348 977 452 1044 πλεῦνες
468 981 623 1053 παρέμενον,
647 973 714 1034 οἶδ
733 977 855 1034 ἔθεον’
839 981 885 1036 επὶ
896 975 945 1039 τοῖς

143 1058 318 1138 στρατηγοὺς,
339 1058 461 1126 ἐλθόντες
479 1062 507 1118 δέ
524 1056 641 1136 ἔλεγον
622 1081 656 1122 ως
670 1054 859 1157 άνθρωπος“
841 1084 928 1163 ηερε.
911 1056 943 1116 ἐπ

142 1145 226 1202 ῖππαυ
240 1149 266 1203 δι
279 1167 327 1201 του
314 1143 517 1246 στρατοπέδου
530 1163 578 1200 του
565 1137 736 1211 Μήδων,“
720 1162 751 1204 ος
764 1136 882 1199 αῖλλο
850 1167 898 1218 μεν
909 1139 944 1200 οί

143 1227 186 1283 δέν
198 1231 368 1332 παραγυμνοῖ
380 1227 455 1294 έπος,
480 1219 642 1302 στρατηγοῖς
654 1223 682 1280 δέ
696 1218 841 1298 ὀνομάζων
855 1229 945 1287 ἔθελεν

142 1310 209 1382 φησὶ
222 1313 247 1374 ἐς
260 1305 354 1382 λόγους
367 1313 462 1367 ἐλθεῖν.

206 1397 246 1448 45.
270 1392 302 1449 Οἱ
320 1393 378 1449 δέ’
365 1393 419 1450 επεὶ
436 1413 520 1448 ταυτα
535 1383 665 1460 ήκουσαν,
689 1383 784 1446 αυτίκα
805 1391 945 1453 εῖπσντοὲιΙ

143 1469 191 1538 τὰς
208 1470 333 1546 φυλακάς.
367 1471 544 1550 ἀπικομένοισι
561 1474 588 1530 δέ
606 1473 674 1546 ἔλεγε
686 1467 862 1570 Ἀλέξανδρος
879 1471 944 1530 τάδε·

139 1551 260 1632 1ἐίνδρες
253 1560 401 1626 Αθηναῖοι,
418 1555 581 1634 παραθήκην
597 1551 656 1653 υμῖν
669 1550 703 1610 τά
716 1553 782 1612 ἔπεα
796 1553 867 1614 τάδε
877 1559 945 1614 τίθε-

143 1659 203 1713 μαι,
231 1634 369 1714 ἀπόρρητοι
385 1637 536 1716 ποιεόμενος
557 1634 623 1714 πρὸς
643 1637 741 1710 μηδένα
765 1636 893 1714 λέγειν
876 1641 946 1714 υμδις

145 1715 253 1778 άλλσν”
235 1743 251 1791 η
265 1719 479 1822 Παυσανίην,
444 1744 540 1828 μημε
537 1743 581 1778 και
571 1720 779 1793 διαφθείρητε·
803 1745 841 1780 ου
855 1719 908 1797 γάρ
920 1716 945 1776 ἂν

145 1801 277 1877 ίλεγον,
254 1825 277 1861 ει
287 1799 323 1880 μή
336 1800 452 1904 μεγάλως
466 1801 591 1910 ἐκηδόμην
599 1798 755 1872 συναπάσης
764 1801 814 1872 τῆς
821 1801 945 1866 Ἑλλάδος·

147 1881 226 1947 υυιός
238 1909 266 1939 τι
278 1883 331 1958 γάρ
340 1883 473 1952 'EQ'
441 1910 515 1957 γενος
527 1887 578 1961 εἰμὶ
590 1881 726 1960 τώρχαῖον,
744 1885 791 1942 καὶ
806 1883 861 1965 οῖντ
861 1884 944 1942 ’2²2ae-

146 1967 230 2042 θέρης
244 1961 478 2064 δεδουλωμένην
449 1986 496 2021 ουκ
514 1965 547 2020 εῖν
566 1971 681 2036 ἐθέλοιμι
695 1963 761 2037 ὁρᾶν
774 1965 826 2035 τήν
837 1963 946 2024 Ἑλλάδα.

146 2051 211 2122 λέγω
225 2047 283 2106 δέ’
265 2069 301 2104 ων
314 2042 354 2104 ότι
367 2047 511 2146 Μαρδονίῳ
525 2068 552 2102 τε
564 2045 608 2102 καί
625 2044 656 2121 τή
672 2045 783 2122 στρατιῇ
797 2044 836 2105 τά
852 2046 946 2124 σφάγια

147 2153 180 2188 ου
198 2126 308 2187 δάναται
323 2126 480 2204 καταθύμια
498 2131 639 2204 γενέσθαι·
661 2124 745 2227 πάλμι
762 2126 819 2234 γὰρ
840 2154 875 2189 αν
889 2125 945 2206 ἐμά

144 2217 238 2286 χεσθε.
267 2212 314 2270 νδν
330 2213 403 2270 δέ
376 2235 402 2270 οι
420 2207 582 2270 δέδοκται
554 2233 586 2268 τα
604 2212 651 2286 μέν
665 2206 770 2286 σφάγια
785 2212 835 2269 ἐάν
846 2217 947 2292 χαίρειν,

146 2292 203 2368 ἅμα
215 2291 295 2392 ημέρῃ
313 2295 341 2351 δέ
359 2290 559 2370 διαφαυσκοόσῃ
578 2287 708 2368 συμβολήν
721 2297 884 2354 ποιέεσθαι·
906 2321 945 2354 κα·

144 2373 336 2473 ταρριόδηκε
306 2398 358 2452 γαρ
370 2374 406 2451 μή
420 2377 524 2441 πλευνες
537 2371 751 2447 συλλεχθῆτε,
731 2398 767 2441 ως
784 2375 839 2451 ἐγώ
851 2375 943 2477 εῖνάζρι

143 2454 211 2530 πρὸς
227 2479 313 2513 ταυτα
327 2456 506 2532 ετοιμάζεσθε.
538 2455 571 2529 ἢν
587 2454 651 2516 δέ”
634 2481 686 2534 αρα
703 2453 930 2535 υπερβάληται
906 2483 944 2532 τιν

144 2535 276 2608 συμβολήν
289 2537 444 2614 Μαρδόνιος
457 2541 501 2598 καί
517 2537 553 2616 μή
566 2540 685 2612 ποιήται,
707 2543 846 2618 λιπαρέετε
858 2545 974 2621 μίνυν-

142 2637 200 2679 τες
230 2616 323 2693 ὀλίγον
343 2619 397 2697 γάρ
419 2645 467 2696 σφι
487 2621 599 2722 ήμερέων
619 2625 731 2692 λείπεται
753 2628 837 2685 σιτία.
869 2651 903 2700 ην
922 2628 942 2684 δε

134 2692 201 2782 1ίιμῖν
223 2695 369 2776 όπόλεμος
388 2701 432 2763 ὅδε
448 2703 515 2764 κατὰ
538 2703 600 2765 νόον
617 2701 768 2787 τελευτήση,
791 2711 974 2789 μνησθηναί
