2204 3010
184 75 233 128 228
483 73 684 121 HERODOTI
720 73 726 88 “

184 179 318 288 Αἰχόπτρυ
339 203 431 238 τουτον
456 175 501 238 τὸν
522 175 606 260 νόμον
625 175 791 248 Αθηνᾱίοισι
816 177 910 236 ἔθετο·
941 180 987 255 τῷ

184 273 272 325 ἐκεῖνοι
285 269 310 329 ἐς
323 263 374 319 αἰεί
382 266 514 338 χρέωνται,
522 243 621 318 ἐόντι
608 258 702 336 αμώμῳ
714 258 791 334 νόμῳ.

245 353 301 404 178.
330 350 447 416 Φιλέλλην
465 346 492 401 δὲ
505 342 644 443 χενόμενος
667 341 803 416 δ’Ἀμασις
825 338 889 398 ἄλλα
904 365 932 400 τε
955 348 986 410 ἐς

181 428 302 534 εΕλληνριν
313 431 486 504 μετεξετέρους
499 422 654 492 ἇπεδέξατο,
675 449 719 484 και
710 423 766 496 δὴ
780 427 824 481 καί
837 431 905 482 τοῖσι
916 422 983 482 ἆνιι-

185 517 339 588 κινεομένοισι
357 517 381 576 ἐς
393 515 526 586 Αἴγυπτον
540 511 615 566 wem
631 505 782 584 Ναύκρατιν
795 505 894 566 πόλιν1
883 509 983 578 ενοικη-

187 618 243 653 σαι
271 601 339 652 τοῖσι
353 595 380 650 δὲ
392 617 427 669 μη
417 588 664 666 βουλομένοισι
634 591 718 647 αυτῶν
737 591 836 658 οἰκέων,
859 587 939 648 αιίτού
926 591 986 648 δὲ

186 681 400 751 ναυτιλλομένοισι
418 676 493 731 ἔδωκε
504 672 605 750 χώρους
618 671 811 749 ἐνιδρύσασθαι
823 669 923 748 βωμοίς
937 675 988 732 καὶ

187 763 289 834 τεμένεα
307 761 404 814 θεοῖσι.
429 754 523 831 τὸμὲν
539 779 583 813 νυν
594 761 715 831 με’χιστον
730 753 814 814 αι’πών
826 759 926 830 τέμενος
938 759 987 813 καλ

188 837 415 914 οὐνομαστότατον
433 835 475 896 ἐὸν
490 839 533 894 καί
550 837 757 914 χρησιμώτατον,
784 835 935 911 καλεόμενον
953 839 986 896 δὲ

184 921 316 994 Ἑλλήνιον,
331 923 387 977 αίίλε
400 918 484 985 πόλιὲς
497 920 547 978 εἶσι
560 923 588 978 αἱ
602 923 731 996 ἱδρυμέναι
743 920 822 996 κοινῇ,
833 917 922 978 Ἰώνων
934 923 985 994 μὲν

188 1010 252 1070 Χίος
265 1004 309 1061 καλ
325 1007 391 1068 Τέως
403 1005 446 1060 καί
462 1000 568 1060 Φώκαια
581 1005 624 1061 καλ
637 1001 808 1078 Κλαζομεναί,
823 1005 940 1078 Δωριέων
954 1004 986 1060 δὲ

185 1087 274 1153 Ῥόδος
287 1111 331 1143 και
322 1087 439 1152 Κνίδος
451 1109 494 1142 και
485 1082 703 1186 Ἆλικρρνησσὸς
716 1110 760 1143 και
751 1082 895 1155 Φάσηλις,
913 1085 981 1142 Αλο-

189 1176 249 1230 λέων
266 1167 321 1228 δὲ
306 1194 322 1241 η
337 1173 517 1242 Μυτιληναίων
529 1167 618 1264 μοόνη.
644 1173 754 1226 τουτέων
770 1172 833 1268 μέν
832 1173 887 1224 ἐστι
904 1191 985 1226 τουτο

189 1253 219 1314 τὸ
232 1258 358 1354 τέμενος,
355 1255 417 1309 καλ
434 1249 585 1328 προπότας
602 1276 648 1310 του
662 1255 785 1327 ἐμπορίου
798 1273 875 1307 αυται
889 1251 917 1306 αἱ
930 1247 984 1308 πό-

189 1337 271 1401 λιίς’
249 1359 299 1392 εισι
312 1335 341 1390 αἱ
351 1339 522 1410 παρέχουσαι·
552 1332 614 1393 ίίσαι
632 1337 659 1390 δὲ
674 1332 747 1390 άλλαι
759 1331 845 1397 πόλιες
857 1353 984 1406 μεταποι·

190 1419 287 1515 εὖνται,
315 1413 389 1473 οὐδέν
408 1440 455 1489 σφι
472 1414 561 1491 μετεὸν
572 1417 776 1520 μεταπριεῦνται.
802 1417 879 1492 χωρίς
894 1416 921 1472 δὲ
933 1417 985 1472 Αἷ-

190 1501 305 1598 χινῆται
308 1494 380 1554 ἐπ’
366 1497 465 1555 εωυτῶν
482 1496 620 1600 ἱδρύσαντο
640 1503 741 1575 τέμενος
758 1497 832 1566 Διὸς,
858 1499 902 1555 καί
924 1493 987 1554 άλλο

191 1581 285 1656 Σάμιοι
293 1577 374 1666 Ἠρης
386 1604 430 1636 και
421 1579 569 1680 Νίιλησιοι
579 1579 744 1648 Ἀπόλλωνος.

252 1670 308 1720 179
324 1655 376 1720 Ἠν
393 1659 463 1720 δὲ
437 1687 467 1722 το
485 1661 596 1722 παλαιὸν
613 1662 723 1741 μοόνηη
740 1661 915 1740 Ναόνρατις’
902 1661 983 1739 εμπό-

190 1767 246 1823 ριον
259 1769 303 1802 και
294 1742 375 1804 άλλυ
390 1742 463 1803 ουδέν
476 1744 618 1822 Αἶχόπτου.
644 1771 666 1804 ει
658 1747 712 1804 δέ
727 1771 764 1812 τις
782 1753 805 1812 ἐς
823 1747 874 1804 τών
886 1770 910 1804 τι
924 1743 985 1803 αλλο

192 1826 326 1902 στομάτοιν
346 1829 392 1886 τοῦ
412 1832 507 1886 Νείλου
531 1827 660 1897 ἀπίκοιτο,
684 1829 750 1905 χρῆν
773 1826 870 1903 ὀμόσαι
881 1825 921 1903 Ιμὴ
938 1831 987 1902 μὲν

191 1907 281 1968 ἑκόντα
293 1915 392 1977 ἐλθεῖν,
416 1909 629 2016 ἇπομόυαντα·ιλὲ
642 1912 673 1986 τῇ
687 1915 733 1982 νηί·
742 1910 808 1986 αὐτῇ
821 1915 904 1968 πλέειν
917 1916 941 1976 ἐς
955 1909 987 1968 τὸ

165 2026 170 2034 ,
191 1990 391 2066 Κανωβικόν·’
381 1990 398 2063 ηι
410 1993 433 2050 εί
444 1991 478 2067 μή
492 2015 523 2068 χε
537 1991 579 2052 οἱά
592 2015 621 2050 τε
632 1999 670 2065 εἴη
683 1993 750 2069 πρὸς
765 1991 871 2070 άνὲμυυς
885 1991 988 2092 ὅραίους

191 2079 280 2154 πλέειν,
302 2073 335 2132 τά
349 2079 443 2180 ρορτία
456 2077 508 2133 ἔδεε
511 2073 650 2182 περιάχειν
662 2083 689 2133 ἐν
703 2075 791 2176 βάρισι
803 2077 862 2152 περί
875 2099 905 2134 το
895 2073 985 2139 Δέλ-

191 2181 232 2226 τα,
245 2162 318 2234 μέχρι
331 2182 362 2216 ου
376 2155 492 2216 ἀπίκοιτο
505 2165 530 2224 ἐς
546 2156 705 2236 Ναύκρατιν.
721 2157 788 2218 οὕτω
799 2155 890 2234 μὲνδὴ
907 2155 987 2218 Ναώ-
1043 2199 1044 2222 1

191 2263 277 2315 κρατις
290 2244 423 2316 ἐτετίμητο

253 2329 310 2382 18⁰
327 2319 514 2416 ’Λμρικτυόνων
527 2324 554 2380 δὲ
564 2319 796 2398 μισθωσάντων
769 2347 815 2384 τον
826 2329 853 2382 ἐν
861 2327 990 2396 Δελφοῖσι

192 2424 238 2458 νυν
254 2401 328 2460 ἐόντα
345 2403 407 2475 νηόν
422 2409 571 2481 τριηκοσίων
587 2405 717 2463 ταλάντων
737 2405 938 2483 ἐξεργάσασθαι
958 2405 992 2474 (ἃ

192 2479 245 2557 γάρ
265 2484 391 2582 πρότερον
410 2485 456 2544 ἐών
474 2485 574 2546 αυτόθι
589 2486 739 2588 αὐτομάτως
754 2485 898 2560 κατεκάη),
925 2512 989 2552 τους

194 2562 310 2632 Δελφους
334 2570 361 2623 δε
383 2566 503 2640 ἐπίβαλλε
523 2570 719 2648 τεταρτημόριον
744 2591 792 2631 του
810 2568 987 2660 μισθώματος
