<?xml version="1.0" encoding="UTF-8"?>
<!DOCTYPE html PUBLIC "-//W3C//DTD XHTML 1.0 Transitional//EN"
    "http://www.w3.org/TR/xhtml1/DTD/xhtml1-transitional.dtd">
<html xmlns="http://www.w3.org/1999/xhtml" xml:lang="en" lang="en">
 <head>
  <title>
</title>
<meta http-equiv="Content-Type" content="text/html;charset=utf-8" />
  <meta name='ocr-system' content='tesseract 3.04.00' />
  <meta name='ocr-capabilities' content='ocr_page ocr_carea ocr_par ocr_line ocrx_word'/>
</head>
<body>
  <div class='ocr_page' id='page_1' title='image "./herodotihistori08herogoog_0630.png"; bbox 0 0 2008 2922; ppageno 0'>
   <div class='ocr_carea' id='block_1_1' title="bbox 234 158 853 222">
    <p class='ocr_par' dir='ltr' id='par_1_1' title="bbox 234 158 853 222">
     <span class='ocr_line' id='line_1_1' title="bbox 234 158 853 222; baseline 0.002 -2"><span class='ocrx_word' id='word_1_1' title='bbox 234 171 306 221; x_wconf 76' lang='grc' dir='ltr'><strong><em>ιιε.</em></strong></span> <span class='ocrx_word' id='word_1_2' title='bbox 328 171 375 218; x_wconf 84' lang='grc' dir='ltr'><strong><em>νι.</em></strong></span> <span class='ocrx_word' id='word_1_3' title='bbox 404 173 482 219; x_wconf 78' lang='grc' dir='ltr'><strong><em>οεε.</em></strong></span> <span class='ocrx_word' id='word_1_4' title='bbox 503 158 676 220; x_wconf 59' lang='grc' dir='ltr'><strong><em>τινὶ-τεο.</em></strong></span> <span class='ocrx_word' id='word_1_5' title='bbox 804 171 853 222; x_wconf 76' lang='lat'><strong><em>227</em></strong></span> 
     </span>
    </p>
   </div>
   <div class='ocr_carea' id='block_1_2' title="bbox 13 273 855 2691">
    <p class='ocr_par' dir='ltr' id='par_1_2' title="bbox 13 273 855 2003">
     <span class='ocr_line' id='line_1_2' title="bbox 57 273 854 353; baseline 0 -16"><span class='ocrx_word' id='word_1_6' title='bbox 57 276 107 338; x_wconf 85' lang='grc' dir='ltr'><strong><em>τὸν</em></strong></span> <span class='ocrx_word' id='word_1_7' title='bbox 119 279 198 353; x_wconf 78' lang='grc' dir='ltr'><strong><em>κρίνοι</em></strong></span> <span class='ocrx_word' id='word_1_8' title='bbox 210 280 236 334; x_wconf 86' lang='grc' dir='ltr'><strong><em>έκ</em></strong></span> <span class='ocrx_word' id='word_1_9' title='bbox 247 299 363 344; x_wconf 88' lang='grc' dir='ltr'><strong><em>παντων,</em></strong></span> <span class='ocrx_word' id='word_1_10' title='bbox 379 273 473 342; x_wconf 73' lang='grc' dir='ltr'><strong><em>Ιδήσας</em></strong></span> <span class='ocrx_word' id='word_1_11' title='bbox 486 277 574 351; x_wconf 75' lang='grc' dir='ltr'><strong><em>βοῆς“</em></strong></span> <span class='ocrx_word' id='word_1_12' title='bbox 560 275 652 336; x_wconf 89' lang='grc' dir='ltr'><strong><em>εκατὸν</em></strong></span> <span class='ocrx_word' id='word_1_13' title='bbox 664 303 679 336; x_wconf 93' lang='grc' dir='ltr'><strong><em>υ</em></strong></span> <span class='ocrx_word' id='word_1_14' title='bbox 668 275 854 350; x_wconf 78' lang='grc' dir='ltr'><strong><em>Κλεισθένης</em></strong></span> 
     </span>
     <span class='ocr_line' id='line_1_3' title="bbox 13 357 854 464; baseline 0 -46"><span class='ocrx_word' id='word_1_15' title='bbox 13 381 15 396; x_wconf 62' lang='lat'>³</span> <span class='ocrx_word' id='word_1_16' title='bbox 57 359 152 460; x_wconf 74' lang='grc' dir='ltr'><strong><em>εόρίχεε</em></strong></span> <span class='ocrx_word' id='word_1_17' title='bbox 169 357 263 424; x_wconf 80' lang='grc' dir='ltr'><strong><em>αότοάς</em></strong></span> <span class='ocrx_word' id='word_1_18' title='bbox 279 383 307 416; x_wconf 91' lang='grc' dir='ltr'><strong><em>τε</em></strong></span> <span class='ocrx_word' id='word_1_19' title='bbox 323 357 384 424; x_wconf 77' lang='grc' dir='ltr'><strong><em>τοὺς</em></strong></span> <span class='ocrx_word' id='word_1_20' title='bbox 399 361 547 464; x_wconf 76' lang='grc' dir='ltr'><strong><em>μνηστῆρας</em></strong></span> <span class='ocrx_word' id='word_1_21' title='bbox 564 363 608 418; x_wconf 80' lang='grc' dir='ltr'><strong><em>καί</em></strong></span> <span class='ocrx_word' id='word_1_22' title='bbox 625 358 685 426; x_wconf 76' lang='grc' dir='ltr'><strong><em>τοὺς</em></strong></span> <span class='ocrx_word' id='word_1_23' title='bbox 702 365 854 427; x_wconf 73' lang='grc' dir='ltr'><strong><em>Σικυωνίους</em></strong></span> 
     </span>
     <span class='ocr_line' id='line_1_4' title="bbox 13 437 855 547; baseline -0.001 -46"><span class='ocrx_word' id='word_1_24' title='bbox 13 483 14 488; x_wconf 60' lang='lat'>=</span> <span class='ocrx_word' id='word_1_25' title='bbox 58 440 168 506; x_wconf 85' lang='grc' dir='ltr'><strong><em>πάντας.</em></strong></span> <span class='ocrx_word' id='word_1_26' title='bbox 196 440 230 507; x_wconf 83' lang='grc' dir='ltr'><strong><em>ὦς</em></strong></span> <span class='ocrx_word' id='word_1_27' title='bbox 244 437 300 499; x_wconf 92' lang='grc' dir='ltr'><strong><em>δέ</em></strong></span> <span class='ocrx_word' id='word_1_28' title='bbox 286 465 339 499; x_wconf 90' lang='grc' dir='ltr'><strong><em>απο</em></strong></span> <span class='ocrx_word' id='word_1_29' title='bbox 329 439 484 499; x_wconf 84' lang='grc' dir='ltr'><strong><em>δείπνου’</em></strong></span> <span class='ocrx_word' id='word_1_30' title='bbox 471 447 595 517; x_wconf 84' lang='grc' dir='ltr'><strong><em>εχένοντο,</em></strong></span> <span class='ocrx_word' id='word_1_31' title='bbox 611 445 636 500; x_wconf 77' lang='grc' dir='ltr'><strong><em>οἱ</em></strong></span> <span class='ocrx_word' id='word_1_32' title='bbox 648 443 797 547; x_wconf 77' lang='grc' dir='ltr'><strong><em>μνηστῆρες</em></strong></span> <span class='ocrx_word' id='word_1_33' title='bbox 803 445 855 520; x_wconf 76' lang='grc' dir='ltr'><strong><em>έριν</em></strong></span> 
     </span>
     <span class='ocr_line' id='line_1_5' title="bbox 13 522 853 601; baseline -0.002 -17"><span class='ocrx_word' id='word_1_34' title='bbox 13 569 14 575; x_wconf 64' lang='lat'>,</span> <span class='ocrx_word' id='word_1_35' title='bbox 57 524 130 598; x_wconf 79' lang='grc' dir='ltr'><strong><em>εἶχον</em></strong></span> <span class='ocrx_word' id='word_1_36' title='bbox 150 522 217 598; x_wconf 84' lang='grc' dir='ltr'><strong><em>άμφί</em></strong></span> <span class='ocrx_word' id='word_1_37' title='bbox 236 547 263 581; x_wconf 89' lang='grc' dir='ltr'><strong><em>τε</em></strong></span> <span class='ocrx_word' id='word_1_38' title='bbox 283 525 393 598; x_wconf 79' lang='grc' dir='ltr'><strong><em>μουσικῇ</em></strong></span> <span class='ocrx_word' id='word_1_39' title='bbox 415 525 511 599; x_wconf 76' lang='grc' dir='ltr'><strong><em>καὶτῷ</em></strong></span> <span class='ocrx_word' id='word_1_40' title='bbox 528 527 685 600; x_wconf 80' lang='grc' dir='ltr'><strong><em>λεχομένῳ’</em></strong></span> <span class='ocrx_word' id='word_1_41' title='bbox 672 549 697 590; x_wconf 89' lang='grc' dir='ltr'><strong><em>ες</em></strong></span> <span class='ocrx_word' id='word_1_42' title='bbox 714 525 744 584; x_wconf 80' lang='grc' dir='ltr'><strong><em>τὸ</em></strong></span> <span class='ocrx_word' id='word_1_43' title='bbox 766 527 853 601; x_wconf 80' lang='grc' dir='ltr'><strong><em>μέσον.</em></strong></span> 
     </span>
     <span class='ocr_line' id='line_1_6' title="bbox 57 603 853 683; baseline 0 -18"><span class='ocrx_word' id='word_1_44' title='bbox 57 603 203 683; x_wconf 72' lang='grc' dir='ltr'><strong><em>προϊούσης</em></strong></span> <span class='ocrx_word' id='word_1_45' title='bbox 216 608 243 663; x_wconf 88' lang='grc' dir='ltr'><strong><em>δέ</em></strong></span> <span class='ocrx_word' id='word_1_46' title='bbox 255 609 299 678; x_wconf 85' lang='grc' dir='ltr'><strong><em>τῆς</em></strong></span> <span class='ocrx_word' id='word_1_47' title='bbox 312 604 413 672; x_wconf 86' lang='grc' dir='ltr'><strong><em>πόσιος,</em></strong></span> <span class='ocrx_word' id='word_1_48' title='bbox 430 611 542 678; x_wconf 81' lang='grc' dir='ltr'><strong><em>κατέχων</em></strong></span> <span class='ocrx_word' id='word_1_49' title='bbox 554 605 649 665; x_wconf 83' lang='grc' dir='ltr'><strong><em>πολλὸν</em></strong></span> <span class='ocrx_word' id='word_1_50' title='bbox 662 605 722 674; x_wconf 77' lang='grc' dir='ltr'><strong><em>τοὺς</em></strong></span> <span class='ocrx_word' id='word_1_51' title='bbox 737 605 826 672; x_wconf 80' lang='grc' dir='ltr'><strong><em>άλλους</em></strong></span> <span class='ocrx_word' id='word_1_52' title='bbox 838 605 853 665; x_wconf 85' lang='lat'><strong><em>6</em></strong></span> 
     </span>
     <span class='ocr_line' id='line_1_7' title="bbox 55 685 851 765; baseline -0.001 -17"><span class='ocrx_word' id='word_1_53' title='bbox 55 691 229 758; x_wconf 77' lang='grc' dir='ltr'><strong><em>Ἱπποκλείδης</em></strong></span> <span class='ocrx_word' id='word_1_54' title='bbox 253 693 364 746; x_wconf 79' lang='grc' dir='ltr'><strong><em>ἐκέλευσε</em></strong></span> <span class='ocrx_word' id='word_1_55' title='bbox 385 685 431 746; x_wconf 85' lang='grc' dir='ltr'><strong><em>τὸν</em></strong></span> <span class='ocrx_word' id='word_1_56' title='bbox 458 687 567 760; x_wconf 80' lang='grc' dir='ltr'><strong><em>αόλητῆν</em></strong></span> <span class='ocrx_word' id='word_1_57' title='bbox 594 687 706 760; x_wconf 79' lang='grc' dir='ltr'><strong><em>αόλῆσαί</em></strong></span> <span class='ocrx_word' id='word_1_58' title='bbox 727 692 753 748; x_wconf 78' lang='grc' dir='ltr'><strong><em>οἱ</em></strong></span> <span class='ocrx_word' id='word_1_59' title='bbox 778 693 851 765; x_wconf 85' lang='grc' dir='ltr'><strong><em>έμμέ-</em></strong></span> 
     </span>
     <span class='ocr_line' id='line_1_8' title="bbox 57 767 853 846; baseline -0.003 -16"><span class='ocrx_word' id='word_1_60' title='bbox 57 781 142 839; x_wconf 89' lang='grc' dir='ltr'><strong><em>λειαν,</em></strong></span> <span class='ocrx_word' id='word_1_61' title='bbox 163 774 322 846; x_wconf 74' lang='grc' dir='ltr'><strong><em>πειθομένου</em></strong></span> <span class='ocrx_word' id='word_1_62' title='bbox 340 773 368 828; x_wconf 89' lang='grc' dir='ltr'><strong><em>δέ</em></strong></span> <span class='ocrx_word' id='word_1_63' title='bbox 384 770 432 828; x_wconf 78' lang='grc' dir='ltr'><strong><em>τοῆ</em></strong></span> <span class='ocrx_word' id='word_1_64' title='bbox 450 768 560 842; x_wconf 73' lang='grc' dir='ltr'><strong><em>αὐλητέω</em></strong></span> <span class='ocrx_word' id='word_1_65' title='bbox 578 767 716 846; x_wconf 80' lang='grc' dir='ltr'><strong><em>ὀρχήσατο.</em></strong></span> <span class='ocrx_word' id='word_1_66' title='bbox 744 777 790 828; x_wconf 90' lang='grc' dir='ltr'><strong><em>καί</em></strong></span> <span class='ocrx_word' id='word_1_67' title='bbox 804 794 853 837; x_wconf 92' lang='grc' dir='ltr'><strong><em>κως</em></strong></span> 
     </span>
     <span class='ocr_line' id='line_1_9' title="bbox 55 851 853 930; baseline 0.003 -21"><span class='ocrx_word' id='word_1_68' title='bbox 55 854 144 928; x_wconf 80' lang='grc' dir='ltr'><strong><em>ἑωυτῷ</em></strong></span> <span class='ocrx_word' id='word_1_69' title='bbox 156 857 201 928; x_wconf 86' lang='grc' dir='ltr'><strong><em>μέν</em></strong></span> <span class='ocrx_word' id='word_1_70' title='bbox 216 851 328 929; x_wconf 78' lang='grc' dir='ltr'><strong><em>ὀρεστῶς</em></strong></span> <span class='ocrx_word' id='word_1_71' title='bbox 342 851 451 929; x_wconf 86' lang='grc' dir='ltr'><strong><em>ὀρχέετο,</em></strong></span> <span class='ocrx_word' id='word_1_72' title='bbox 465 853 479 912; x_wconf 89' lang='lat'><strong><em>6</em></strong></span> <span class='ocrx_word' id='word_1_73' title='bbox 494 856 520 910; x_wconf 90' lang='grc' dir='ltr'><strong><em>δέ</em></strong></span> <span class='ocrx_word' id='word_1_74' title='bbox 527 857 689 924; x_wconf 78' lang='grc' dir='ltr'><strong><em>Κλεισθένης</em></strong></span> <span class='ocrx_word' id='word_1_75' title='bbox 702 853 780 930; x_wconf 87' lang='grc' dir='ltr'><strong><em>ὁρέων</em></strong></span> <span class='ocrx_word' id='word_1_76' title='bbox 793 851 853 914; x_wconf 80' lang='grc' dir='ltr'><strong><em>ὅλον</em></strong></span> 
     </span>
     <span class='ocr_line' id='line_1_10' title="bbox 53 933 852 1011; baseline -0.003 -17"><span class='ocrx_word' id='word_1_77' title='bbox 53 938 89 996; x_wconf 84' lang='grc' dir='ltr'><strong><em>τὸ</em></strong></span> <span class='ocrx_word' id='word_1_78' title='bbox 107 937 213 1011; x_wconf 71' lang='grc' dir='ltr'><strong><em>πρῆγμα</em></strong></span> <span class='ocrx_word' id='word_1_79' title='bbox 228 933 363 993; x_wconf 78' lang='grc' dir='ltr'><strong><em>δπάπτευε.</em></strong></span> <span class='ocrx_word' id='word_1_80' title='bbox 390 933 455 1011; x_wconf 82' lang='grc' dir='ltr'><strong><em>μετὰ</em></strong></span> <span class='ocrx_word' id='word_1_81' title='bbox 473 939 500 992; x_wconf 87' lang='grc' dir='ltr'><strong><em>δέ</em></strong></span> <span class='ocrx_word' id='word_1_82' title='bbox 518 934 629 1007; x_wconf 81' lang='grc' dir='ltr'><strong><em>ἐπισχών</em></strong></span> <span class='ocrx_word' id='word_1_83' title='bbox 647 935 662 994; x_wconf 92' lang='lat'><strong><em>6</em></strong></span> <span class='ocrx_word' id='word_1_84' title='bbox 678 935 852 1006; x_wconf 76' lang='grc' dir='ltr'><strong><em>Ἱπποκλείδης</em></strong></span> 
     </span>
     <span class='ocr_line' id='line_1_11' title="bbox 50 1015 851 1096; baseline 0 -19"><span class='ocrx_word' id='word_1_85' title='bbox 50 1018 155 1096; x_wconf 83' lang='grc' dir='ltr'><strong><em>χρόνον</em></strong></span> <span class='ocrx_word' id='word_1_86' title='bbox 168 1022 279 1076; x_wconf 82' lang='grc' dir='ltr'><strong><em>ἐκέλευσέ</em></strong></span> <span class='ocrx_word' id='word_1_87' title='bbox 292 1021 319 1075; x_wconf 81' lang='grc' dir='ltr'><strong><em>οἵ</em></strong></span> <span class='ocrx_word' id='word_1_88' title='bbox 330 1041 387 1075; x_wconf 88' lang='grc' dir='ltr'><strong><em>τινα</em></strong></span> <span class='ocrx_word' id='word_1_89' title='bbox 400 1015 529 1093; x_wconf 82' lang='grc' dir='ltr'><strong><em>τράπεζαν</em></strong></span> <span class='ocrx_word' id='word_1_90' title='bbox 543 1024 671 1085; x_wconf 78' lang='grc' dir='ltr'><strong><em>ἐσενεῖκαι,</em></strong></span> <span class='ocrx_word' id='word_1_91' title='bbox 690 1017 851 1089; x_wconf 74' lang='grc' dir='ltr'><strong><em>ἐσελθούσης</em></strong></span> 
     </span>
     <span class='ocr_line' id='line_1_12' title="bbox 53 1097 849 1177; baseline 0 -19"><span class='ocrx_word' id='word_1_92' title='bbox 53 1107 86 1161; x_wconf 87' lang='grc' dir='ltr'><strong><em>δέ</em></strong></span> <span class='ocrx_word' id='word_1_93' title='bbox 99 1101 144 1172; x_wconf 87' lang='grc' dir='ltr'><strong><em>τῆς</em></strong></span> <span class='ocrx_word' id='word_1_94' title='bbox 156 1105 279 1176; x_wconf 86' lang='grc' dir='ltr'><strong><em>τραπέζης</em></strong></span> <span class='ocrx_word' id='word_1_95' title='bbox 292 1102 383 1176; x_wconf 80' lang='grc' dir='ltr'><strong><em>πρῶτα</em></strong></span> <span class='ocrx_word' id='word_1_96' title='bbox 396 1103 442 1173; x_wconf 86' lang='grc' dir='ltr'><strong><em>μέν</em></strong></span> <span class='ocrx_word' id='word_1_97' title='bbox 459 1099 500 1157; x_wconf 73' lang='grc' dir='ltr'><strong><em>ἐπ’</em></strong></span> <span class='ocrx_word' id='word_1_98' title='bbox 518 1097 596 1170; x_wconf 70' lang='grc' dir='ltr'><strong><em>αὐτῆς</em></strong></span> <span class='ocrx_word' id='word_1_99' title='bbox 610 1098 741 1177; x_wconf 74' lang='grc' dir='ltr'><strong><em>ὀρχήσατο</em></strong></span> <span class='ocrx_word' id='word_1_100' title='bbox 754 1109 849 1159; x_wconf 85' lang='grc' dir='ltr'><strong><em>Λακω-</em></strong></span> 
     </span>
     <span class='ocr_line' id='line_1_13' title="bbox 52 1179 851 1263; baseline -0.004 -20"><span class='ocrx_word' id='word_1_101' title='bbox 52 1181 117 1244; x_wconf 83' lang='grc' dir='ltr'><strong><em>νικά</em></strong></span> <span class='ocrx_word' id='word_1_102' title='bbox 131 1181 259 1263; x_wconf 79' lang='grc' dir='ltr'><strong><em>σχημάτια</em></strong></span> <span class='ocrx_word' id='word_1_103' title='bbox 263 1225 271 1250; x_wconf 94' lang='grc'><strong><em>,</em></strong></span> <span class='ocrx_word' id='word_1_104' title='bbox 291 1180 356 1258; x_wconf 82' lang='grc' dir='ltr'><strong><em>μετὰ</em></strong></span> <span class='ocrx_word' id='word_1_105' title='bbox 370 1185 397 1240; x_wconf 87' lang='grc' dir='ltr'><strong><em>δέ</em></strong></span> <span class='ocrx_word' id='word_1_106' title='bbox 411 1179 475 1239; x_wconf 81' lang='grc' dir='ltr'><strong><em>άλλα</em></strong></span> <span class='ocrx_word' id='word_1_107' title='bbox 486 1181 596 1249; x_wconf 76' lang='grc' dir='ltr'><strong><em>Ἀττικὰ,</em></strong></span> <span class='ocrx_word' id='word_1_108' title='bbox 619 1181 650 1241; x_wconf 85' lang='grc' dir='ltr'><strong><em>τὸ</em></strong></span> <span class='ocrx_word' id='word_1_109' title='bbox 667 1187 753 1258; x_wconf 89' lang='grc' dir='ltr'><strong><em>τρίτον</em></strong></span> <span class='ocrx_word' id='word_1_110' title='bbox 767 1187 793 1242; x_wconf 85' lang='grc' dir='ltr'><strong><em>δέ</em></strong></span> <span class='ocrx_word' id='word_1_111' title='bbox 806 1181 851 1254; x_wconf 82' lang='grc' dir='ltr'><strong><em>τήν</em></strong></span> 
     </span>
     <span class='ocr_line' id='line_1_14' title="bbox 52 1263 848 1344; baseline -0.003 -19"><span class='ocrx_word' id='word_1_112' title='bbox 52 1264 171 1339; x_wconf 84' lang='grc' dir='ltr'><strong><em>κεφαλήν</em></strong></span> <span class='ocrx_word' id='word_1_113' title='bbox 185 1270 284 1342; x_wconf 75' lang='grc' dir='ltr'><strong><em>ἐρείσας</em></strong></span> <span class='ocrx_word' id='word_1_114' title='bbox 297 1267 340 1322; x_wconf 84' lang='grc' dir='ltr'><strong><em>έπί</em></strong></span> <span class='ocrx_word' id='word_1_115' title='bbox 355 1263 402 1339; x_wconf 85' lang='grc' dir='ltr'><strong><em>τήν</em></strong></span> <span class='ocrx_word' id='word_1_116' title='bbox 414 1263 544 1344; x_wconf 84' lang='grc' dir='ltr'><strong><em>τράπεζαν</em></strong></span> <span class='ocrx_word' id='word_1_117' title='bbox 556 1271 625 1323; x_wconf 82' lang='grc' dir='ltr'><strong><em>τοῖσι</em></strong></span> <span class='ocrx_word' id='word_1_118' title='bbox 642 1270 741 1323; x_wconf 85' lang='grc' dir='ltr'><strong><em>σκέλεσι</em></strong></span> <span class='ocrx_word' id='word_1_119' title='bbox 754 1273 848 1344; x_wconf 73' lang='grc' dir='ltr'><strong><em>ἐχειρο-</em></strong></span> 
     </span>
     <span class='ocr_line' id='line_1_15' title="bbox 52 1345 850 1426; baseline -0.003 -18"><span class='ocrx_word' id='word_1_120' title='bbox 52 1348 161 1426; x_wconf 83' lang='grc' dir='ltr'><strong><em>νόμησε.</em></strong></span> <span class='ocrx_word' id='word_1_121' title='bbox 203 1352 364 1420; x_wconf 74' lang='grc' dir='ltr'><strong><em>Κλεισθένης</em></strong></span> <span class='ocrx_word' id='word_1_122' title='bbox 382 1350 408 1406; x_wconf 86' lang='grc' dir='ltr'><strong><em>δέ</em></strong></span> <span class='ocrx_word' id='word_1_123' title='bbox 425 1346 458 1405; x_wconf 87' lang='grc' dir='ltr'><strong><em>τά</em></strong></span> <span class='ocrx_word' id='word_1_124' title='bbox 475 1353 520 1424; x_wconf 81' lang='grc' dir='ltr'><strong><em>μὲν</em></strong></span> <span class='ocrx_word' id='word_1_125' title='bbox 537 1347 626 1424; x_wconf 78' lang='grc' dir='ltr'><strong><em>πρῶτα</em></strong></span> <span class='ocrx_word' id='word_1_126' title='bbox 640 1350 685 1405; x_wconf 74' lang='grc' dir='ltr'><strong><em>καὶ</em></strong></span> <span class='ocrx_word' id='word_1_127' title='bbox 697 1345 730 1406; x_wconf 86' lang='grc' dir='ltr'><strong><em>τόι</em></strong></span> <span class='ocrx_word' id='word_1_128' title='bbox 744 1347 850 1424; x_wconf 73' lang='grc' dir='ltr'><strong><em>δεύτερα</em></strong></span> 
     </span>
     <span class='ocr_line' id='line_1_16' title="bbox 53 1427 848 1508; baseline -0.005 -16"><span class='ocrx_word' id='word_1_129' title='bbox 53 1431 224 1508; x_wconf 80' lang='grc' dir='ltr'><strong><em>ὀρχεομένου,</em></strong></span> <span class='ocrx_word' id='word_1_130' title='bbox 247 1427 416 1506; x_wconf 80' lang='grc' dir='ltr'><strong><em>ἇποστυχέων</em></strong></span> <span class='ocrx_word' id='word_1_131' title='bbox 433 1428 550 1506; x_wconf 72' lang='grc' dir='ltr'><strong><em>χαμβράν</em></strong></span> <span class='ocrx_word' id='word_1_132' title='bbox 568 1432 594 1488; x_wconf 80' lang='grc' dir='ltr'><strong><em>οἱ</em></strong></span> <span class='ocrx_word' id='word_1_133' title='bbox 610 1431 646 1487; x_wconf 79' lang='grc' dir='ltr'><strong><em>έτι</em></strong></span> <span class='ocrx_word' id='word_1_134' title='bbox 656 1434 783 1506; x_wconf 80' lang='grc' dir='ltr'><strong><em>χενέσθαι</em></strong></span> <span class='ocrx_word' id='word_1_135' title='bbox 793 1429 848 1489; x_wconf 79' lang='grc' dir='ltr'><strong><em>Ἱπ-</em></strong></span> 
     </span>
     <span class='ocr_line' id='line_1_17' title="bbox 52 1509 850 1591; baseline -0.003 -17"><span class='ocrx_word' id='word_1_136' title='bbox 52 1515 191 1574; x_wconf 84' lang='grc' dir='ltr'><strong><em>ποκλείδεα</em></strong></span> <span class='ocrx_word' id='word_1_137' title='bbox 205 1510 248 1570; x_wconf 83' lang='grc' dir='ltr'><strong><em>διά</em></strong></span> <span class='ocrx_word' id='word_1_138' title='bbox 260 1511 306 1584; x_wconf 89' lang='grc' dir='ltr'><strong><em>τήν</em></strong></span> <span class='ocrx_word' id='word_1_139' title='bbox 317 1536 345 1570; x_wconf 91' lang='grc' dir='ltr'><strong><em>τε</em></strong></span> <span class='ocrx_word' id='word_1_140' title='bbox 359 1510 465 1591; x_wconf 84' lang='grc' dir='ltr'><strong><em>ὀρχησιν</em></strong></span> <span class='ocrx_word' id='word_1_141' title='bbox 477 1515 521 1571; x_wconf 84' lang='grc' dir='ltr'><strong><em>καί</em></strong></span> <span class='ocrx_word' id='word_1_142' title='bbox 533 1509 579 1584; x_wconf 91' lang='grc' dir='ltr'><strong><em>τήν</em></strong></span> <span class='ocrx_word' id='word_1_143' title='bbox 593 1509 733 1586; x_wconf 74' lang='grc' dir='ltr'><strong><em>ἀναιδείην,</em></strong></span> <span class='ocrx_word' id='word_1_144' title='bbox 750 1521 850 1588; x_wconf 79' lang='grc' dir='ltr'><strong><em>κατεῖχε</em></strong></span> 
     </span>
     <span class='ocr_line' id='line_1_18' title="bbox 50 1593 850 1672; baseline -0.003 -14"><span class='ocrx_word' id='word_1_145' title='bbox 50 1594 163 1664; x_wconf 79' lang='grc' dir='ltr'><strong><em>ἑωυτὸν,</em></strong></span> <span class='ocrx_word' id='word_1_146' title='bbox 186 1619 217 1654; x_wconf 93' lang='grc' dir='ltr'><strong><em>ου</em></strong></span> <span class='ocrx_word' id='word_1_147' title='bbox 205 1593 409 1671; x_wconf 77' lang='grc' dir='ltr'><strong><em>βουλάμενος’</em></strong></span> <span class='ocrx_word' id='word_1_148' title='bbox 396 1597 532 1672; x_wconf 80' lang='grc' dir='ltr'><strong><em>εκραχῆναι</em></strong></span> <span class='ocrx_word' id='word_1_149' title='bbox 549 1601 574 1660; x_wconf 77' lang='grc' dir='ltr'><strong><em>ἐς</em></strong></span> <span class='ocrx_word' id='word_1_150' title='bbox 589 1593 680 1654; x_wconf 72' lang='grc' dir='ltr'><strong><em>αὐτόν·</em></strong></span> <span class='ocrx_word' id='word_1_151' title='bbox 702 1596 737 1663; x_wconf 79' lang='grc' dir='ltr'><strong><em>ὡς</em></strong></span> <span class='ocrx_word' id='word_1_152' title='bbox 755 1601 781 1655; x_wconf 83' lang='grc' dir='ltr'><strong><em>δέ</em></strong></span> <span class='ocrx_word' id='word_1_153' title='bbox 799 1596 850 1656; x_wconf 85' lang='grc' dir='ltr'><strong><em>ιιδε</em></strong></span> 
     </span>
     <span class='ocr_line' id='line_1_19' title="bbox 49 1675 848 1779; baseline -0.004 -38"><span class='ocrx_word' id='word_1_154' title='bbox 49 1687 126 1741; x_wconf 83' lang='grc' dir='ltr'><strong><em>τοῖσι</em></strong></span> <span class='ocrx_word' id='word_1_155' title='bbox 139 1682 237 1738; x_wconf 86' lang='grc' dir='ltr'><strong><em>σκέλεσι</em></strong></span> <span class='ocrx_word' id='word_1_156' title='bbox 236 1677 485 1764; x_wconf 75' lang='grc' dir='ltr'><strong><em>χειρονομήσαντα,</em></strong></span> <span class='ocrx_word' id='word_1_157' title='bbox 508 1675 589 1738; x_wconf 81' lang='grc' dir='ltr'><strong><em>οόκέτι</em></strong></span> <span class='ocrx_word' id='word_1_158' title='bbox 607 1683 720 1779; x_wconf 83' lang='grc' dir='ltr'><strong><em>κατιχειν</em></strong></span> <span class='ocrx_word' id='word_1_159' title='bbox 738 1678 848 1755; x_wconf 77' lang='grc' dir='ltr'><strong><em>δυνάμι·</em></strong></span> 
     </span>
     <span class='ocr_line' id='line_1_20' title="bbox 49 1758 850 1837; baseline 0.001 -19"><span class='ocrx_word' id='word_1_160' title='bbox 49 1787 111 1831; x_wconf 79' lang='grc' dir='ltr'><strong><em>νος,</em></strong></span> <span class='ocrx_word' id='word_1_161' title='bbox 133 1771 202 1818; x_wconf 79' lang='grc' dir='ltr'><strong><em>εἰπε·</em></strong></span> <span class='ocrx_word' id='word_1_162' title='bbox 229 1763 250 1818; x_wconf 84' lang='grc' dir='ltr'><em>ὠ</em></span> <span class='ocrx_word' id='word_1_163' title='bbox 268 1767 319 1818; x_wconf 82' lang='grc' dir='ltr'><strong><em>παῖ</em></strong></span> <span class='ocrx_word' id='word_1_164' title='bbox 339 1758 530 1837; x_wconf 76' lang='grc' dir='ltr'><strong><em>Τισάνδρου,</em></strong></span> <span class='ocrx_word' id='word_1_165' title='bbox 515 1758 672 1836; x_wconf 86' lang='grc' dir='ltr'><strong><em>απορχήσαό</em></strong></span> <span class='ocrx_word' id='word_1_166' title='bbox 690 1785 720 1836; x_wconf 81' lang='grc' dir='ltr'><strong><em>χε</em></strong></span> <span class='ocrx_word' id='word_1_167' title='bbox 736 1761 786 1836; x_wconf 86' lang='grc' dir='ltr'><strong><em>μήν</em></strong></span> <span class='ocrx_word' id='word_1_168' title='bbox 805 1761 850 1822; x_wconf 86' lang='grc' dir='ltr'><strong><em>τὸν</em></strong></span> 
     </span>
     <span class='ocr_line' id='line_1_21' title="bbox 48 1841 850 1923; baseline -0.002 -19"><span class='ocrx_word' id='word_1_169' title='bbox 48 1845 150 1923; x_wconf 80' lang='grc' dir='ltr'><strong><em>χάμον</em></strong></span> <span class='ocrx_word' id='word_1_170' title='bbox 179 1867 194 1901; x_wconf 95' lang='grc' dir='ltr'><strong><em>ο</em></strong></span> <span class='ocrx_word' id='word_1_171' title='bbox 183 1841 239 1902; x_wconf 78' lang='lat'><strong><em>‘66</em></strong></span> <span class='ocrx_word' id='word_1_172' title='bbox 253 1841 424 1916; x_wconf 89' lang='grc' dir='ltr'><strong><em>Ιπποκλείδης</em></strong></span> <span class='ocrx_word' id='word_1_173' title='bbox 440 1841 620 1918; x_wconf 75' lang='grc' dir='ltr'><strong><em>δπολαβάν</em></strong></span> <span class='ocrx_word' id='word_1_174' title='bbox 594 1866 662 1911; x_wconf 87' lang='grc' dir='ltr'><strong><em>ειπε,</em></strong></span> <span class='ocrx_word' id='word_1_175' title='bbox 692 1841 730 1902; x_wconf 89' lang='lat'><strong><em>06</em></strong></span> <span class='ocrx_word' id='word_1_176' title='bbox 746 1847 850 1920; x_wconf 82' lang='grc' dir='ltr'><strong><em>φροντὶς</em></strong></span> 
     </span>
     <span class='ocr_line' id='line_1_22' title="bbox 46 1923 745 2003; baseline -0.007 -16"><span class='ocrx_word' id='word_1_177' title='bbox 46 1927 221 2003; x_wconf 83' lang='grc' dir='ltr'><strong><em>Ἱπποκλείδῃ.</em></strong></span> <span class='ocrx_word' id='word_1_178' title='bbox 251 1923 305 1984; x_wconf 85' lang='grc' dir='ltr'><strong><em>άπὸ</em></strong></span> <span class='ocrx_word' id='word_1_179' title='bbox 318 1925 411 1985; x_wconf 72' lang='grc' dir='ltr'><strong><em>τούτου</em></strong></span> <span class='ocrx_word' id='word_1_180' title='bbox 423 1930 469 2002; x_wconf 84' lang='grc' dir='ltr'><strong><em>μέν</em></strong></span> <span class='ocrx_word' id='word_1_181' title='bbox 481 1930 557 1984; x_wconf 81' lang='grc' dir='ltr'><strong><em>τοῦτο</em></strong></span> <span class='ocrx_word' id='word_1_182' title='bbox 572 1923 745 2000; x_wconf 81' lang='grc' dir='ltr'><strong><em>οόνομάζεται.</em></strong></span> 
     </span>
    </p>

    <p class='ocr_par' dir='ltr' id='par_1_3' title="bbox 43 2007 850 2668">
     <span class='ocr_line' id='line_1_23' title="bbox 118 2007 848 2084; baseline -0.006 -16"><span class='ocrx_word' id='word_1_183' title='bbox 118 2017 179 2068; x_wconf 80' lang='lat'>130.</span> <span class='ocrx_word' id='word_1_184' title='bbox 200 2013 363 2080; x_wconf 77' lang='grc' dir='ltr'><strong><em>Κλεισθένης</em></strong></span> <span class='ocrx_word' id='word_1_185' title='bbox 376 2013 403 2066; x_wconf 91' lang='grc' dir='ltr'><strong><em>δέ</em></strong></span> <span class='ocrx_word' id='word_1_186' title='bbox 418 2007 492 2084; x_wconf 87' lang='grc' dir='ltr'><strong><em>σιχῆν</em></strong></span> <span class='ocrx_word' id='word_1_187' title='bbox 504 2008 678 2082; x_wconf 85' lang='grc' dir='ltr'><strong><em>ποιησάμενος</em></strong></span> <span class='ocrx_word' id='word_1_188' title='bbox 692 2011 781 2074; x_wconf 75' lang='grc' dir='ltr'><strong><em>ἒλεξε’</em></strong></span> <span class='ocrx_word' id='word_1_189' title='bbox 768 2031 793 2072; x_wconf 89' lang='grc' dir='ltr'><strong><em>ες</em></strong></span> <span class='ocrx_word' id='word_1_190' title='bbox 803 2011 848 2082; x_wconf 82' lang='grc' dir='ltr'><strong><em>μέ-</em></strong></span> 
     </span>
     <span class='ocr_line' id='line_1_24' title="bbox 48 2086 851 2198; baseline -0.011 -44"><span class='ocrx_word' id='word_1_191' title='bbox 48 2116 105 2155; x_wconf 85' lang='grc' dir='ltr'><strong><em>σον</em></strong></span> <span class='ocrx_word' id='word_1_192' title='bbox 117 2091 192 2150; x_wconf 86' lang='grc' dir='ltr'><strong><em>τάδε·</em></strong></span> <span class='ocrx_word' id='word_1_193' title='bbox 209 2089 311 2198; x_wconf 71' lang='grc' dir='ltr'><strong><em>Ἄνδρες</em></strong></span> <span class='ocrx_word' id='word_1_194' title='bbox 326 2090 467 2157; x_wconf 87' lang='grc' dir='ltr'><strong><em>παιδὸς</em></strong></span> <span class='ocrx_word' id='word_1_195' title='bbox 437 2114 482 2165; x_wconf 91' lang='grc' dir='ltr'><strong><em>της</em></strong></span> <span class='ocrx_word' id='word_1_196' title='bbox 499 2093 558 2167; x_wconf 76' lang='grc' dir='ltr'><strong><em>ἐμῆς</em></strong></span> <span class='ocrx_word' id='word_1_197' title='bbox 571 2091 733 2194; x_wconf 53' lang='grc' dir='ltr'><strong><em>μνηστῆρες,</em></strong></span> <span class='ocrx_word' id='word_1_198' title='bbox 743 2086 793 2164; x_wconf 78' lang='grc' dir='ltr'><strong><em>λχώ</em></strong></span> <span class='ocrx_word' id='word_1_199' title='bbox 806 2091 851 2146; x_wconf 88' lang='grc' dir='ltr'><strong><em>και</em></strong></span> 
     </span>
     <span class='ocr_line' id='line_1_25' title="bbox 45 2169 849 2250; baseline -0.009 -16"><span class='ocrx_word' id='word_1_200' title='bbox 45 2174 159 2239; x_wconf 80' lang='grc' dir='ltr'><strong><em>πάντας</em></strong></span> <span class='ocrx_word' id='word_1_201' title='bbox 170 2172 249 2250; x_wconf 79' lang='grc' dir='ltr'><strong><em>δμέας</em></strong></span> <span class='ocrx_word' id='word_1_202' title='bbox 268 2179 386 2242; x_wconf 88' lang='grc' dir='ltr'><strong><em>επαινέω,</em></strong></span> <span class='ocrx_word' id='word_1_203' title='bbox 408 2176 452 2232; x_wconf 80' lang='grc' dir='ltr'><strong><em>καὶ</em></strong></span> <span class='ocrx_word' id='word_1_204' title='bbox 469 2177 550 2231; x_wconf 80' lang='grc' dir='ltr'><strong><em>πᾶσιν</em></strong></span> <span class='ocrx_word' id='word_1_205' title='bbox 565 2172 635 2248; x_wconf 81' lang='grc' dir='ltr'><strong><em>δμιν,</em></strong></span> <span class='ocrx_word' id='word_1_206' title='bbox 657 2173 680 2230; x_wconf 87' lang='grc' dir='ltr'><strong><em>ει</em></strong></span> <span class='ocrx_word' id='word_1_207' title='bbox 694 2169 777 2229; x_wconf 88' lang='grc' dir='ltr'><strong><em>οιόντ</em></strong></span> <span class='ocrx_word' id='word_1_208' title='bbox 779 2169 849 2242; x_wconf 76' lang='grc' dir='ltr'><strong><em>ἐἷἠ,</em></strong></span> 
     </span>
     <span class='ocr_line' id='line_1_26' title="bbox 43 2251 850 2355; baseline -0.009 -38"><span class='ocrx_word' id='word_1_209' title='bbox 43 2261 147 2334; x_wconf 85' lang='grc' dir='ltr'><strong><em>χαριζο</em></strong></span> <span class='ocrx_word' id='word_1_210' title='bbox 132 2254 247 2332; x_wconf 78' lang='grc' dir='ltr'><strong><em>οίμην”</em></strong></span> <span class='ocrx_word' id='word_1_211' title='bbox 229 2279 273 2330; x_wconf 90' lang='grc' dir='ltr'><strong><em>αν,</em></strong></span> <span class='ocrx_word' id='word_1_212' title='bbox 300 2254 359 2331; x_wconf 76' lang='grc' dir='ltr'><strong><em>μήτ’</em></strong></span> <span class='ocrx_word' id='word_1_213' title='bbox 381 2257 425 2313; x_wconf 72' lang='grc' dir='ltr'><strong><em>ἕνα</em></strong></span> <span class='ocrx_word' id='word_1_214' title='bbox 447 2255 528 2330; x_wconf 71' lang='grc' dir='ltr'><strong><em>ὑμέων</em></strong></span> <span class='ocrx_word' id='word_1_215' title='bbox 550 2251 713 2355; x_wconf 75' lang='grc' dir='ltr'><strong><em>ἐξαίρετον</em></strong></span> <span class='ocrx_word' id='word_1_216' title='bbox 698 2257 850 2330; x_wconf 89' lang='grc' dir='ltr'><strong><em>αποκρίνων,</em></strong></span> 
     </span>
     <span class='ocr_line' id='line_1_27' title="bbox 44 2334 852 2419; baseline -0.005 -21"><span class='ocrx_word' id='word_1_217' title='bbox 44 2339 118 2419; x_wconf 87' lang='grc' dir='ltr'><strong><em>μήτε</em></strong></span> <span class='ocrx_word' id='word_1_218' title='bbox 131 2338 193 2404; x_wconf 75' lang='grc' dir='ltr'><strong><em>τοὺς</em></strong></span> <span class='ocrx_word' id='word_1_219' title='bbox 205 2335 311 2404; x_wconf 70' lang='grc' dir='ltr'><strong><em>λοιποὺς</em></strong></span> <span class='ocrx_word' id='word_1_220' title='bbox 323 2336 531 2418; x_wconf 72' lang='grc' dir='ltr'><strong><em>ἀποδοκιμάζων</em></strong></span> <span class='ocrx_word' id='word_1_221' title='bbox 554 2335 607 2394; x_wconf 78' lang='grc' dir='ltr'><strong><em>ἄλλ</em></strong></span> <span class='ocrx_word' id='word_1_222' title='bbox 641 2335 672 2395; x_wconf 80' lang='grc' dir='ltr'><strong><em>οὗ</em></strong></span> <span class='ocrx_word' id='word_1_223' title='bbox 690 2335 743 2412; x_wconf 83' lang='grc' dir='ltr'><strong><em>χάρ</em></strong></span> <span class='ocrx_word' id='word_1_224' title='bbox 762 2334 806 2394; x_wconf 86' lang='grc' dir='ltr'><strong><em>οῑά</em></strong></span> <span class='ocrx_word' id='word_1_225' title='bbox 824 2341 852 2394; x_wconf 87' lang='grc' dir='ltr'><strong><em>τέ</em></strong></span> 
     </span>
     <span class='ocr_line' id='line_1_28' title="bbox 45 2417 850 2498; baseline -0.009 -16"><span class='ocrx_word' id='word_1_226' title='bbox 45 2432 109 2484; x_wconf 78' lang='grc' dir='ltr'><strong><em>ἐστι</em></strong></span> <span class='ocrx_word' id='word_1_227' title='bbox 134 2421 195 2498; x_wconf 88' lang='grc' dir='ltr'><strong><em>μιῆς</em></strong></span> <span class='ocrx_word' id='word_1_228' title='bbox 214 2425 272 2498; x_wconf 87' lang='grc' dir='ltr'><strong><em>πέρι</em></strong></span> <span class='ocrx_word' id='word_1_229' title='bbox 294 2426 432 2497; x_wconf 75' lang='grc' dir='ltr'><strong><em>παρθενου</em></strong></span> <span class='ocrx_word' id='word_1_230' title='bbox 451 2420 603 2495; x_wconf 78' lang='grc' dir='ltr'><strong><em>βουλεύοντα</em></strong></span> <span class='ocrx_word' id='word_1_231' title='bbox 620 2421 686 2477; x_wconf 79' lang='grc' dir='ltr'><strong><em>πᾶσι</em></strong></span> <span class='ocrx_word' id='word_1_232' title='bbox 704 2417 771 2476; x_wconf 86' lang='grc' dir='ltr'><strong><em>κατά</em></strong></span> <span class='ocrx_word' id='word_1_233' title='bbox 788 2417 850 2477; x_wconf 82' lang='grc' dir='ltr'><strong><em>νόον</em></strong></span> 
     </span>
     <span class='ocr_line' id='line_1_29' title="bbox 44 2499 849 2579; baseline -0.01 -14"><span class='ocrx_word' id='word_1_234' title='bbox 44 2509 160 2572; x_wconf 81' lang='grc' dir='ltr'><strong><em>ποιέειν,</em></strong></span> <span class='ocrx_word' id='word_1_235' title='bbox 178 2510 246 2562; x_wconf 79' lang='grc' dir='ltr'><strong><em>τοῖσι</em></strong></span> <span class='ocrx_word' id='word_1_236' title='bbox 259 2507 305 2579; x_wconf 88' lang='grc' dir='ltr'><strong><em>μέν</em></strong></span> <span class='ocrx_word' id='word_1_237' title='bbox 316 2503 398 2578; x_wconf 79' lang='grc' dir='ltr'><strong><em>δμέων</em></strong></span> <span class='ocrx_word' id='word_1_238' title='bbox 411 2501 636 2577; x_wconf 75' lang='grc' dir='ltr'><strong><em>ἀπελαυνομένοισι</em></strong></span> <span class='ocrx_word' id='word_1_239' title='bbox 650 2503 725 2560; x_wconf 81' lang='grc' dir='ltr'><strong><em>τοδδε</em></strong></span> <span class='ocrx_word' id='word_1_240' title='bbox 738 2503 786 2559; x_wconf 73' lang='grc' dir='ltr'><strong><em>τοῦ</em></strong></span> <span class='ocrx_word' id='word_1_241' title='bbox 799 2499 849 2575; x_wconf 86' lang='grc' dir='ltr'><strong><em>χά-</em></strong></span> 
     </span>
     <span class='ocr_line' id='line_1_30' title="bbox 43 2581 849 2691; baseline -0.012 -43"><span class='ocrx_word' id='word_1_242' title='bbox 43 2613 103 2668; x_wconf 79' lang='grc' dir='ltr'><strong><em>μοιι</em></strong></span> <span class='ocrx_word' id='word_1_243' title='bbox 117 2584 275 2646; x_wconf 75' lang='grc' dir='ltr'><strong><em>τάλαντον</em></strong></span> <span class='ocrx_word' id='word_1_244' title='bbox 261 2592 354 2662; x_wconf 85' lang='grc' dir='ltr'><strong><em>αρχυρί</em></strong></span> <span class='ocrx_word' id='word_1_245' title='bbox 354 2611 383 2644; x_wconf 91' lang='grc' dir='ltr'><strong><em>ου</em></strong></span> <span class='ocrx_word' id='word_1_246' title='bbox 396 2584 494 2660; x_wconf 83' lang='grc' dir='ltr'><strong><em>ἑκάστῳ</em></strong></span> <span class='ocrx_word' id='word_1_247' title='bbox 509 2583 604 2691; x_wconf 87' lang='grc' dir='ltr'><strong><em>δωρεῆν</em></strong></span> <span class='ocrx_word' id='word_1_248' title='bbox 618 2585 748 2691; x_wconf 83' lang='grc' dir='ltr'><strong><em>δίδωμι</em></strong></span> <span class='ocrx_word' id='word_1_249' title='bbox 719 2605 834 2656; x_wconf 87' lang='grc' dir='ltr'><strong><em>τηςιω</em></strong></span> <span class='ocrx_word' id='word_1_250' title='bbox 772 2581 849 2649; x_wconf 75' lang='grc' dir='ltr'><strong><em>ἄξιοί-</em></strong></span> 
     </span>
    </p>
   </div>
   <div class='ocr_carea' id='block_1_3' title="bbox 44 2664 848 2802">
    <p class='ocr_par' dir='ltr' id='par_1_4' title="bbox 44 2664 848 2802">
     <span class='ocr_line' id='line_1_31' title="bbox 44 2664 848 2749; baseline -0.011 -17"><span class='ocrx_word' id='word_1_251' title='bbox 44 2695 111 2737; x_wconf 88' lang='grc' dir='ltr'><strong><em>σιος</em></strong></span> <span class='ocrx_word' id='word_1_252' title='bbox 130 2672 215 2729; x_wconf 76' lang='grc' dir='ltr'><strong><em>εἵνεκα</em></strong></span> <span class='ocrx_word' id='word_1_253' title='bbox 232 2670 277 2740; x_wconf 89' lang='grc' dir='ltr'><strong><em>τῆς</em></strong></span> <span class='ocrx_word' id='word_1_254' title='bbox 295 2674 352 2749; x_wconf 73' lang='grc' dir='ltr'><strong><em>ἐξ’</em></strong></span> <span class='ocrx_word' id='word_1_255' title='bbox 339 2671 397 2746; x_wconf 80' lang='grc' dir='ltr'><strong><em>ιμεῦ</em></strong></span> <span class='ocrx_word' id='word_1_256' title='bbox 413 2669 494 2746; x_wconf 81' lang='grc' dir='ltr'><strong><em>χῆμαι</em></strong></span> <span class='ocrx_word' id='word_1_257' title='bbox 511 2669 611 2741; x_wconf 75' lang='grc' dir='ltr'><strong><em>καὶτῆς</em></strong></span> <span class='ocrx_word' id='word_1_258' title='bbox 625 2672 736 2738; x_wconf 77' lang='grc' dir='ltr'><strong><em>ἐξόιίιου</em></strong></span> <span class='ocrx_word' id='word_1_259' title='bbox 750 2664 848 2737; x_wconf 78' lang='grc' dir='ltr'><strong><em>ἆποδη</em></strong></span> 
     </span>
     <span class='ocr_line' id='line_1_32' title="bbox 594 2755 646 2802; baseline 0.038 -2"><span class='ocrx_word' id='word_1_260' title='bbox 594 2755 613 2800; x_wconf 88' lang='lat' dir='ltr'>P</span> <span class='ocrx_word' id='word_1_261' title='bbox 632 2760 646 2802; x_wconf 82' lang='lat'>2</span> 
     </span>
    </p>
   </div>
   <div class='ocr_carea' id='block_1_4' title="bbox 0 0 1008 2922">
    <p class='ocr_par' dir='ltr' id='par_1_5' title="bbox 0 0 1008 2922">
     <span class='ocr_line' id='line_1_33' title="bbox 0 0 1008 2922; baseline 0 1"><span class='ocrx_word' id='word_1_262' title='bbox 0 0 1008 2922; x_wconf 95' lang='lat' dir='ltr'><strong><em> </em></strong></span> 
     </span>
    </p>
   </div>
   <div class='ocr_carea' id='block_1_5' title="bbox 938 2799 991 2898">
    <p class='ocr_par' dir='ltr' id='par_1_6' title="bbox 938 2799 991 2898">
     <span class='ocr_line' id='line_1_34' title="bbox 938 2799 991 2898; baseline 0 0"><span class='ocrx_word' id='word_1_263' title='bbox 938 2799 991 2898; x_wconf 59' lang='lat' dir='ltr'><strong><em>A</em></strong></span> 
     </span>
    </p>
   </div>
  </div>
 </body>
</html>
