1960 2926
205 207 276 254 ωε.
298 207 348 254 1x.
376 205 454 254 εκε
476 201 566 255 79
579 200 620 258 82.
762 206 811 260 23³

86 318 124 368 81
152 309 372 410 Σμμφορησαντες
393 309 470 370 δέ
440 336 474 370 τοι
498 310 622 398 χρήματα
643 337 686 371 και
676 311 812 415 “δεκότην

26 391 188 460 ἐξελόντες
154 417 190 469 τῳ
204 400 231 450 ἐν
245 397 369 466 Δελφοῖσι
381 391 481 469 θεῷ,’
461 391 515 451 απ’
530 399 561 467 ης
575 393 590 454 5
603 397 709 472 τρίπους
721 393 737 455 5
747 394 811 474 χρό-

25 499 82 542 σεος
94 451 233 546 ἆνετέθη“
219 499 235 533 ο
253 477 295 531 en>
312 475 360 532 τοῦ
376 473 530 552 τρικαρήνου
547 473 623 550 ὄφιος
638 501 687 536 του
673 478 812 551 χαλκέου

23 556 142 624 ἐπεστεὼς
157 553 271 640 οἴχχιστα
284 579 332 614 του
319 555 452 632 βωμοῦ,
473 559 518 615 καί
529 579 576 634 τρι
552 558 606 616 ίν
616 555 740 636 Ὀλυμπίη
753 561 812 636 θεῷ

22 635 176 707 ἐξελόντες,’
162 636 209 696 ατί
224 641 256 710 ης
269 635 416 746 δεκάπηχυν
426 637 536 712 χάλκεον
547 644 599 698 Δία
612 637 755 714 ἀνέθηκαν,
769 647 813 702 καί

20 723 57 798 τῷ
69 728 94 780 ἐν
99 719 200 798 Ἰσθμόν
209 717 300 797 θεῷ,’
285 718 330 778 εντ’
341 725 373 793 ἡς
386 719 536 796 ἑπτάπηχυς
546 721 655 796 χάλκεος
663 727 812 783 Ποσειδέων

19 808 150 881 ἐξεγένετο,
163 804 247 862 ταῦτα
261 800 429 870 ἐξελόντες
398 829 433 862 τα
445 803 524 864 λοιπίι
537 807 679 882 διαιρέοντο
693 831 739 866 και
729 808 810 865 na*-

18 889 92 961 βον
77 909 179 946 εκαυτοι
185 887 242 944 τῶν
256 876 353 952 ἄξιοι
336 908 414 958 ησαν,
424 888 468 944 καλ
479 885 527 954 τὰς
531 887 714 954 Ινταλλακός
678 913 730 948 των
738 901 810 967 Περ·

18 973 83 1028 σέων
95 966 194 1026 καὶτὸν
203 965 304 1044 χρυσόν
315 970 359 1025 καί
371 967 418 1028 τὸν
431 966 546 1046 ἄργυρον
558 993 603 1026 και
593 967 680 1026 ’ἄλλα
689 969 812 1047 χρήματά

18 1073 45 1110 τε
57 1074 101 1108 και
92 1047 248 1150 ἰμτοζόχια
283 1047 351 1108 Ὅσα
361 1055 408 1126 μέν
420 1073 466 1108 νυν
479 1054 595 1128 ἐξαίρετα
609 1057 678 1110 τοῖσι
691 1050 811 1129 ἆριστεό·

18 1157 82 1194 σασι
96 1129 180 1191 αι’πῶν
191 1139 218 1190 ίν
226 1133 376 1210 Πλαταιῇσι
389 1131 522 1206 ἐδόθη,’
492 1157 525 1192 ου
538 1138 637 1210 λέγεται
649 1132 717 1211 πρὸς
730 1132 811 1194 ουδα-

18 1217 82 1282 ιιῶν,
104 1217 184 1300 δοκέω
197 1211 255 1273 δ”ν
228 1237 319 1291 εχαχε
331 1217 376 1273 καί
388 1213 505 1274 τοότοισι
516 1216 643 1288 δοθῆναι·
669 1222 815 1296 Παυσανίῃ

18 1302 43 1358 δέ
56 1295 142 1356 πάντα
155 1300 217 1357 δέκα
231 1301 354 1399 ἐξαιρέθη
367 1321 396 1356 τε
408 1322 453 1356 και
444 1295 563 1370 “ε’δο’θη,
581 1305 709 1374 γυναῖκες,
727 1302 811 1371 ίπιιοι,

18 1378 137 1450 τάλαντα,
150 1377 302 1456 κοίμηλοι,“ι
277 1403 315 1446 ως
328 1379 398 1438 55‘
369 1379 453 1446 αότως
465 1383 510 1439 καί
521 1378 555 1439 τοί
571 1379 636 1438 έίλλα
647 1379 777 1458 χρήματα.

77 1470 119 1522 82.
139 1468 251 1539 Δέχεται
265 1465 292 1521 δέ
305 1486 349 1520 και
340 1461 424 1521 ’τάδε
437 1462 611 1539 χενέσθακ,“
592 1487 627 1530 ως
640 1469 734 1542 Ξερξης
747 1463 810 1540 φεό-

19 1570 67 1605 νων
85 1552 112 1604 ίκ
129 1545 174 1618 τῆς
188 1543 307 1612 Ἑλλάδος
325 1543 514 1648 Μαρδονίῳ
488 1568 535 1619 την
551 1546 713 1621 κατασκευὴν
729 1571 810 1608 κατα·
831 1595 835 1606 .

19 1635 84 1688 λιποι
91 1651 140 1701 την
147 1629 256 1689 έονυτου
270 1619 457 1702 Παυσανίην
437 1653 474 1688 ων
487 1651 595 1708 ορεοντα
603 1628 812 1709 τηνΜαρδονιου

19 1709 175 1784 ιατασκεαίην
189 1713 280 1790 χρυσῷ
296 1714 385 1770 τεκαὶ
403 1709 508 1790 ἆρχόρῳ
525 1715 570 1772 καί
586 1713 812 1792 παραπετάσμασι
839 1772 841 1778 .

19 1798 151 1854 τοικίλοισι
164 1800 407 1871 κατεσκευασμένην,
417 1797 534 1854 κελεῦσαι
545 1795 607 1863 τεός
614 1820 642 1855 τε
651 1795 812 1873 ἇρτοκόπους

19 1903 54 1936 αι
63 1901 127 1944 τους
136 1875 449 1954 οηιοποιουςκαταταυτο
439 1876 700 1962 καθωςΜαρδονίω
709 1881 812 1938 δειπνον

19 1957 229 2036 ταρασκευοίζειν.
257 1959 292 2028 ὦς
305 1962 333 2019 δέ
345 1957 549 2036 κελευόμενοι“
520 1983 593 2020 ουτοι
606 1963 707 2018 ἐποίευν
719 1961 812 2030 ταῦτα,

19 2043 136 2102 νθαῧτα
155 2041 202 2103 τὸν
218 2047 375 2115 Παυσανίην
392 2041 481 2102 ίδόντα
497 2047 583 2108 κλίνας
601 2065 629 2101 τε
644 2046 779 2150 χρυσέας
770 2045 814 2103 καλ
843 2110 845 2116 ,

19 2124 167 2232 ἰρχρρέας
158 2147 188 2185 ευ
173 2115 355 2203 ἐστρωμένας
365 2149 410 2184 και
401 2127 547 2202 “τραι’τέζας
554 2147 581 2183 τε
588 2129 701 2224 χρυσέας
709 2127 754 2183 καλ
763 2121 811 2201 ἅρ-

19 2211 107 2284 υρέας
120 2209 168 2266 καί
180 2231 350 2285 παρασκειιην
361 2212 559 2284 μεγαλοπρεπέα
571 2231 620 2266 του
606 2208 799 2275 δείπνου,ἐκ

19 2293 150 2366 τλαχὲντα
164 2314 199 2348 τα
187 2287 366 2367 προκείμενα
376 2287 474 2365 ἇχαθίι
482 2289 601 2348 κελεῦσαι
609 2290 652 2347 ἐπί
659 2293 747 2365 γέλωτι
755 2287 815 2356 τεός

19 2373 113 2432 mro&
142 2369 276 2445 διηκόνους
302 2371 505 2462 παρασκευάσαι
525 2370 679 2432 Λακωνικόν
705 2373 816 2431 δεῖπνον

19 2453 42 2522 ίς
62 2456 145 2515 δέἰ
111 2479 162 2528 της
179 2459 275 2529 θοίνης
291 2446 475 2528 ποιηθείσης’
460 2478 492 2527 ην
505 2452 641 2515 πολλόν
614 2479 645 2516 το
658 2459 752 2533 μέσον,
771 2451 818 2515 τόν

19 2541 178 2610 Ὶαυσανίην
202 2538 351 2614 γελάσαντα
375 2541 604 2614 μεταπέμψασθαι
627 2539 679 2598 τῶν
696 2535 817 2611 Ἑλλήνων

19 2619 70 2688 οὺς
94 2618 275 2697 στραιηχοός,
303 2617 483 2680 συνελθόντων
503 2621 532 2677 δέ
553 2618 651 2680 τοότειν
672 2621 752 2680 εἰπεῖν
773 2617 819 2680 τόν

19 2707 192 2788 Ιαυσανίην,
214 2700 344 2764 δεικνόντα
359 2707 383 2769 ἐς
396 2705 515 2780 ἑκατέρην
528 2702 575 2762 τοῦ
588 2704 692 2767 δείπνου
704 2701 751 2778 τὴν
763 2725 814 2762 ιτα·
828 2742 832 2748 -
