2008 2922
274 219 344 265 ΗΒ.
365 219 412 268 Ἠ.
442 215 519 264 cAP.
542 215 577 266 55
591 243 631 252 -
646 218 701 273 102.
836 218 892 268 213-

67 327 221 422 Πέρσῃσι.
250 347 276 382 οι
266 325 321 380 55
339 320 490 392 ἐσελθόντες
507 329 531 388 ἐς
549 321 595 394 τὴν
612 321 686 382 πόλιν
703 323 780 385 τοάτο
793 331 839 401 μέν
852 325 885 385 τά

85 405 134 482 ἱρά
151 404 334 477 ουλήσαντες’
321 410 476 507 ενέπρησαν,
499 401 695 506 άποτιννάμενρι
707 407 759 464 τῶν
772 412 798 464 έν
810 407 882 486 Σάρ-

85 491 144 546 δισι
162 489 405 546 κατακαυθέντων
396 488 468 562 ιρῶν,
494 511 572 544 τουτο
595 489 622 544 δέ
643 485 704 554 τοδς
726 485 884 566 ἀνθρώπους

83 569 316 648 ἠνδραποδίσαντο
330 566 397 626 κατά
410 567 457 634 τάς
471 573 583 646 Δαρείου
596 569 705 636 ἐντολάς.

151 660 209 709 102.
232 649 425 728 Χειρωσάμενοι
441 653 468 708 δέ
482 649 528 722 τὴν
538 649 666 728 Ἐρέτριαν
679 655 722 710 καί
736 653 883 726 ἐπισχόντες

84 732 214 809 ὀλίγας
199 739 302 810 ημέρας,
325 735 413 790 έπλεον
435 739 458 798 ἐς
446 731 526 805 ςτὴν
540 731 652 806 Αττικὴν
673 738 835 811 κατέργοντές
856 759 884 804 τε

83 813 185 915 πρλλὸν
203 839 247 873 και
238 819 391 878 δοκέοντες
408 813 492 872 ταίιτά
515 814 575 881 τοὺς
589 815 745 922 Ἀθηναίους
766 815 883 888 ποιήσειν

82 896 123 956 τά
136 899 181 954 καί
194 895 254 963 τοὺς
256 895 433 973 Ἐρετριέας’
420 901 552 968 σταίησαν
581 900 625 954 καί
642 901 673 969 κήν
685 896 738 974 γάρ
753 897 767 956 5
781 909 881 975 Μαρα-

82 977 151 1039 θὼν
168 977 366 1052 ἐπιτηδεότατον
382 983 477 1054 χωρίον
492 978 537 1050 τῆς
552 976 688 1079 Ἀττικῆς
676 979 828 1039 ενιππεῦσαι
841 984 883 1038 καὶ

82 1059 226 1138 ἀγχοτάτω
239 1062 283 1163 της
293 1060 430 1138 Ερετρίης,
448 1067 473 1125 ές
485 1059 563 1119 τοῦτο’
579 1085 626 1134 σφι
638 1065 774 1138 κατηγέετο
784 1060 883 1134 Ἱππίης

82 1144 101 1204 ὃ
117 1143 320 1220 Πεισιστράτου

150 1233 207 1283 103
224 1225 363 1326 Ἀθηναιοι
378 1222 443 1282 55
424 1248 458 1290 ως
475 1187 611 1290 ἐπίθοντο
627 1225 767 1295 ταότα,ε
755 1223 883 1300 ’βοάγθεον

63 1352 66 1360 ·
82 1310 132 1368 καὶ
146 1305 220 1366 αι’ποι
211 1307 295 1374 ἐς
269 1331 315 1368 τον
326 1306 503 1408 Μαραθῶνα.
526 1297 592 1382 ἦγον
606 1309 634 1364 δέ
647 1331 729 1380 σφεας
742 1313 883 1413 στρατηγοὶ

85 1391 209 1478 δέκα,
175 1413 226 1490 τορν
240 1416 254 1450 ο
243 1379 403 1456 δέκατος
385 1411 417 1461 ην
431 1387 582 1460 Μιλτιάδης,
600 1389 647 1448 τοίι
659 1388 705 1450 τὸν
717 1395 819 1467 πατέρα
830 1397 880 1451 Κί-

85 1495 177 1549 μωνα
183 1471 229 1532 τὸν
250 1470 425 1548 Στησαγόρεω
447 1473 568 1545 κατέλαβε
594 1479 696 1548 φυγεῖν
708 1480 735 1540 ἐξ
753 1471 883 1545 Ἀθηνέων

84 1559 282 1632 Πεισίστρατον
307 1553 354 1614 τὸν
372 1552 562 1631 Ἱπποκράτεος.
596 1557 639 1612 καί
667 1553 736 1632 αὐτῷ
762 1554 883 1632 ῳεάγοντι

78 1635 246 1713 Ὀλυμπιάδα
268 1635 410 1696 ἀνελέσθαι
430 1640 568 1714 τεθρίππῳ
592 1639 696 1712 συνέβη,
722 1640 766 1696 καί
787 1637 883 1711 ταύτην

82 1724 132 1798 μέν
154 1719 201 1792 τὴν
222 1725 292 1791 νίκην
314 1717 464 1794 ἀνελόμενόν
485 1741 529 1794 μιν
545 1717 627 1778 τώυτὸ
650 1725 830 1786 ἐξενείκασθαι
847 1721 883 1795 τῷ

84 1803 235 1878 ὁμομητρίῳ
247 1801 364 1878 Ιδιδελῳειξι
372 1799 512 1876 Μιλτιάδη.
526 1799 591 1877 μετά
605 1803 632 1859 δέ
645 1803 676 1877 τῇ
690 1801 881 1882 δοτέρῃὍλυμ-

83 1883 163 1944 πιάδι
175 1885 236 1960 τῇσι
251 1882 344 1962 αὐτῇσι
361 1886 465 1943 ἰἰτπυισι
478 1883 553 1940 νικῶν
565 1886 710 1959 παραδιδοῖ
721 1883 882 1960 Πεισιστρά-

84 1991 124 2042 τῳ
139 1965 360 2044 ἀνακηρυχθῆναι,
373 1968 417 2024 καί
429 1963 475 2038 την
487 1969 557 2037 νίκην
568 1967 660 2044 παρείς
672 1963 756 2040 τούτῳ
767 1967 883 2037 κατῆλθε

84 2052 131 2109 ἐπὶ
154 2047 188 2106 τά
210 2049 305 2108 ἑωυτοῦ
327 2047 501 2113 ὑπόσπονδος.
528 2051 575 2104 καί
594 2069 637 2122 μιν
658 2044 807 2122 ἀνελόμενον
824 2048 885 2124 τῇσι

86 2130 185 2208 αυτῇσι
200 2133 306 2189 ιπποισι
324 2129 400 2202 άλλην
413 2128 575 2204 Ὀλυμπιάδα
595 2130 717 2202 κατέλαβε
735 2127 884 2189 ἀποθανεῖν

84 2213 142 2274 ὕπο
130 2211 206 2271 τῶν
219 2211 412 2289 Πεισιστράτου
425 2209 577 2278 παίδων,’
548 2215 630 2269 ουκέτι
643 2208 789 2310 περιεόντρς
804 2209 885 2270 αὐτοῦ

87 2293 297 2372 Πεισιστράτου
325 2299 450 2354 κτείνουσι
468 2297 496 2352 δέ
513 2284 586 2352 οὗτοί
600 2314 643 2368 μιν
660 2291 771 2352 κατὰτὸ
785 2315 883 2432 πρῳτε-

85 2376 162 2476 νήιρν
179 2375 269 2443 νυκτὸς
290 2375 441 2443 υιτείσαντες
461 2373 564 2452 άνδρας.
593 2380 726 2434 τέθαπται
748 2378 825 2434 δέΚ
796 2379 886 2451 Κίμων

86 2459 144 2536 πρὸ
170 2455 261 2519 ταδ’Ι
243 2482 352 2528 αστεος,
372 2464 478 2560 πέρην
483 2459 527 2530 τῆς
553 2455 594 2514 διά
622 2463 718 2529 Κοίλης
737 2462 887 2560 καλεομένης

89 2541 183 2603 5505·
199 2539 381 2600 καταντίονδ’
399 2540 480 2600 αυτοῦ
499 2541 527 2596 αἱ
543 2543 619 2597 ιπποι
636 2538 791 2616 τεθάφαται
809 2531 886 2598 οὗτοι

90 2627 120 2684 αἱ
132 2630 199 2700 τρεῖς
208 2621 384 2703 Ολυμπιάδας
399 2621 555 2698 ἀνελόμεναι.
579 2626 703 2693 ἐποίησαν
717 2627 744 2682 δέ
757 2648 800 2682 και
791 2615 888 2680 άλλαι

88 2711 170 2766 ἵπποι
191 2703 240 2778 555
261 2699 343 2764 τῶυτὸ
364 2729 441 2764 τουτο
460 2702 600 2780 Εὐαγόρεω
617 2703 753 2774 Λάκωνος,
776 2711 842 2763 πλέω
862 2690 900 2767 δέ,
