2030 3040
210 151 653 204 L13.1v.cAP.152-156.
808 154 842 208 7⁵

29 256 135 329 κατῆκε
158 262 183 324 ές
204 255 235 316 τό
257 261 381 334 πέλαχος,
409 255 569 327 ἀνασπάσας
586 263 614 318 δέ
632 259 767 322 δαίνυνθ’
753 286 779 329 ες
793 262 841 336 τὴν

81 335 190 480 ρλόέι.
176 405 318 482 Ενθευτεν
336 421 406 484 δέ
380 447 427 496 την
447 429 577 525 Φρονίμην
598 423 759 502 παραλαβὼν
775 438 838 486 ΙΙ-ο

40 503 194 580 λόμνηστος,
208 503 304 564 έών
269 529 320 564 των
337 512 456 584 Θηραίων
469 505 533 584 ἀνὴρ
548 505 659 584 δόκιμος,
672 507 839 567 ἐπαλλακεύε-

38 611 81 647 το·
107 585 206 664 χρόνου
225 590 253 646 δέ
270 587 410 666 περιιόντες
427 588 592 667 ἐξεγένετό
566 615 592 650 οι
604 597 667 656 παῖς
680 588 841 666 ἰσχνόφωνος

36 673 82 728 καὶ
96 669 218 746 τραυλός,
240 671 276 747 τῷ
295 670 395 748 οίίνομα
411 677 490 746 ἐτέθη
504 670 620 741 Βάττος,
639 672 673 740 ὡς
691 677 803 750 Θηραῒοί
813 696 841 732 τε

31 755 80 811 καί
96 759 242 830 Κυρηναῖοι
254 757 369 830 λέγουσι,
391 753 425 823 ὦς
439 760 528 833 μέντοι
546 754 596 833 ἐχῶ
614 758 704 826 δοκέω,
728 753 788 816 άλλο
801 779 838 814 τι·
875 803 878 810 .

31 834 145 902 Βάττος
164 838 191 894 δέ
207 835 414 913 μετωνομάσθη,
442 843 497 898 ἐπεί
517 862 545 896 τε
563 845 588 905 ές
605 836 706 913 Λιβόην
725 836 838 908 ἀπίκετο,

32 917 93 977 άτιό
112 941 141 978 τε
159 919 214 993 τοῦ,
223 926 381 998 χρηστηρίου
398 922 446 980 τοίι
459 925 596 997 χενομένου
609 927 636 980 έν
649 927 774 995 Δελφοῖσι
788 918 836 981 αὖ·

30 1003 70 1078 τῷ
85 1003 134 1060 καί
148 999 204 1060 άττό
216 1003 260 1075 τῆς
273 1005 344 1079 τιμῆς
357 1001 404 1075 τὴν
413 1005 484 1076 ἔσχε,
506 1001 552 1074 τὴν
563 1008 705 1077 ἐπωνυμίην
717 1002 837 1080 ποιεόμε-
913 1009 916 1014 ’

31 1109 93 1152 νος·
122 1083 283 1162 Λίβυοςχόρ
297 1086 404 1160 βασιλέα
418 1084 523 1144 Βάττον
536 1089 668 1153 καλέουσι,
688 1085 839 1144 καίτοίιτου

31 1172 124 1227 εἵνεκα
138 1169 217 1226 δοκέω
230 1167 453 1237 θεσπίζουσαν
427 1191 473 1241 την
487 1171 597 1240 Πυθίην
610 1171 717 1225 καλέσαι
732 1190 776 1244 μιν
788 1173 841 1226 Λνῑ

32 1252 103 1329 βυκῇ
118 1248 235 1328 γλώσσῃ,
250 1249 377 1310 εἰδυῖαν
358 1275 393 1318 ως
406 1248 556 1358 βασιλεός”
540 1275 614 1309 εσται
627 1256 653 1308 έν
666 1247 760 1356 Λιβόη.
787 1252 843 1308 ἐπεί

32 1359 61 1394 τε
76 1331 135 1412 γάρ
152 1327 326 1411 ηνδριίθη
295 1359 382 1404 ουτος,
405 1337 500 1407 η’λθε’
487 1357 511 1400 ες
526 1331 643 1408 Δελφοὺς
655 1335 714 1410 περί
726 1333 770 1405 τῆς
783 1355 838 1408 φω-

34 1419 96 1491 τῆς
120 1420 295 1494 ἐπειρωτέοντι
308 1420 375 1476 δέ“
350 1442 375 1476 οι
382 1417 435 1496 χρᾷ
448 1441 464 1490 η
454 1415 573 1488 Πυθίη
586 1413 660 1474 τάδε

70 1513 170 1577 Βάττ’,
183 1516 227 1568 ἐπί
239 1515 326 1584 φωνὴν
336 1505 430 1584 ηλθες·
447 1515 552 1574 ἄναξδέ
562 1533 588 1568 σε
601 1517 698 1582 Φοῖβος
705 1511 840 1567 Ἀπόλλων

72 1585 100 1642 ἐς
109 1553 216 1651 Λιβύην
225 1585 323 1646 πέμπει
332 1583 536 1654 μηλοτρόφον’
511 1588 653 1654 οικιοτῆρα,

36 1691 130 1746 ωσπερ
149 1669 172 1727 ἐἴ
189 1673 258 1728 εἴποι
274 1667 373 1745 Ἑλλάδι
389 1667 508 1745 χλόσση
512 1673 652 1746 χρεωμένη·
674 1659 840 1774 ἶίὶβασιλεδ,

37 1754 80 1810 ἐπὶ
94 1773 186 1838 φωνην
199 1741 287 1824 ηλθες.
327 1749 400 1810 ’οδ
416 1751 532 1828 ἀμείβετο
551 1755 651 1810 τυισδε
672 1741 782 1818 ἶίὶναξ,
791 1748 840 1826 by&

37 1839 84 1910 μὲν
97 1825 188 1908 ἦλθον
199 1833 273 1936 παρά
288 1839 318 1893 σέ
333 1833 492 1912 χρησόμενος
508 1836 568 1912 περὶ
585 1835 629 1906 τῆς
646 1834 743 1907 φωνῆς,
767 1857 801 1892 συ
790 1831 842 1890 δέ

37 1942 83 2021 μρι
105 1915 172 1976 άλλα
195 1915 311 1976 άδόνατα
331 1919 413 2024 χρᾷς,
441 1915 548 1976 κελεόων
569 1915 669 2023 Λιβόην
691 1913 839 1982 όποικίζειν·

36 2005 85 2058 τέω
100 1999 216 2078 δυνάμει,
229 2005 286 2078 κοίῃ
298 2005 379 2102 χειρίς
404 1999 493 2102 Ταβτα
507 1997 628 2075 λέχων’
600 2024 656 2058 ουκι
647 2001 761 2058 ε’πειθε
776 1993 840 2053 άλλα

38 2086 64 2142 οἱ
75 2085 163 2162 χρᾷν
188 2083 223 2149 ὦς
241 2086 269 2142 δὲ
286 2081 353 2142 κατόι
370 2080 452 2142 ταέιτίι
469 2084 633 2150 ἐθέσπιζέ(
608 2107 633 2141 οι
646 2083 690 2139 καί
703 2078 838 2158 πρότερον,

37 2171 124 2241 οἴχετο
138 2163 237 2244 μεταξὺ
251 2164 411 2226 άπολιπών
398 2191 413 2224 ο
416 2163 530 2231 Βάττος
544 2161 607 2230 ἐς
581 2187 627 2237 την
645 2162 738 2264 Θρρην

99 2247 158 2311 156.
181 2247 259 2308 Μετόι
272 2248 343 2308 δέ’
313 2275 381 2326 αυτηι
393 2271 421 2308 τε
434 2247 516 2324 τούτῳ
529 2249 574 2305 καί
585 2271 654 2306 τοισι
668 2243 767 2305 όίλλοισι
783 2253 836 2315 Θη-

37 2337 138 2410 ραίοισι
153 2337 306 2411 συνεφέρετο
319 2307 487 2410 παλιγκότως.
507 2328 657 2408 άχνοείιντες
670 2326 740 2387 δέ
711 2351 757 2393 τας
772 2349 836 2426 συμ-

40 2416 125 2493 φορὰς
140 2441 166 2476 οι
157 2417 317 2518 Θηραίοι”
301 2439 415 2494 επεμπον
426 2420 451 2482 ές
460 2411 577 2490 Δελφοός
589 2415 649 2490 περὶ
661 2411 712 2472 τῶν
724 2406 838 2487 παρεόν-

40 2521 89 2556 των
102 2500 196 2559 κακῶν.
218 2523 235 2572 η
224 2498 280 2558 δέ
293 2503 388 2572 Πυθίη
408 2523 456 2573 σφι
468 2501 559 2576 ἔχρησε
572 2500 734 2598 συχκτίζουσι
745 2491 840 2590 Βάττιρ

41 2582 163 2684 Κυρήνην
175 2605 219 2654 της
231 2579 362 2658 Λιβόης”
343 2604 447 2688 αμεινον
464 2581 576 2660 πρηξειν.
605 2577 759 2638 όιπέστελίον
775 2571 840 2652 μετὰ

41 2687 127 2724 ταυτα
153 2665 199 2724 τόν
221 2663 325 2726 Βάττον
352 2668 378 2724 οἱ
403 2672 513 2742 Θηραῖοι
539 2662 586 2722 δόο
614 2663 841 2737 πεντηκοντέροισι·
