2010 2922
243 172 857 228 1213.v.cAP.84-87.1M

60 284 163 354 σχοινέα
176 279 265 348 ἕλκειν,
288 285 312 345 ές
331 303 362 338 ου
349 269 501 382 έλιιόμεγα
518 278 551 338 τά
569 279 739 358 ἀγάλματα
724 283 858 362 αμφότερα

58 361 143 422 τώυτὸ
161 363 283 434 ποιῆσαι,
311 363 368 438 ἐμοὶ
383 366 430 439 μέν
448 360 480 422 οὗ
498 361 580 422 πιστά
598 368 724 440 λέγοντες,
746 363 813 442 αλλφ
831 370 861 426 δι’

58 469 119 546 τερ·
147 451 172 510 ές
189 442 307 521 γούνατα
323 442 375 521 γάρ
394 467 442 518 σφι
460 441 529 504 αυιά
546 451 658 524 πεσέειν,
680 449 725 508 ιιαλ
740 445 787 506 τὸν
805 446 859 514 ἆτιὸ

57 527 155 589 τούτου
166 525 264 605 χρόνον
278 525 457 585 διατελέειν“
426 551 493 586 ουτω
507 530 606 600 ἔχοντα.
643 525 802 602 Ἀθηναίους
815 533 862 606 μέν

57 609 190 684 δὴταΐντα
203 613 310 668 ποιέειν·
332 634 370 684 σφ
371 614 413 676 έιις
371 612 454 669 έδέ
466 611 603 687 Αἰγινῆται
619 615 724 688 λέγουσι
737 617 857 688 πυθομέ-

55 717 120 760 νους
141 691 201 759 τοὺς
211 690 369 765 Ἀθηναίους
385 691 419 759 ὥς
435 697 547 769 μέλλοιεν
564 695 607 754 ἐπὶ
621 698 704 770 σφέας
718 693 858 772 στρατεέιε-

56 783 144 843 σθαι,
166 779 283 850 ἑτοίμους
292 773 420 852 Ἀργεέους
437 781 587 836 ποιέεσθαι.
613 775 675 844 τοὺς
693 802 721 838 τε
733 777 764 850 δὴ
775 777 857 850 Ἀθη-

54 863 149 924 ναέους
162 856 326 933 ἇποβεβάναι
339 865 364 924 ές
376 857 423 930 τὴν
435 859 572 934 Αἰγιναίην
576 901 584 928 ,
601 862 647 918 ιιαὶ
658 868 780 938 παρεῖναι
793 862 857 961 βοη-

53 938 174 1006 θέοιτάς
192 965 240 1015 σφι
256 939 318 1006 τους
327 939 468 1019 Ἅργεέους,
489 945 533 1000 καὶ
550 949 645 1001 λαθειν
657 966 685 1002 τε
697 951 725 1012 έξ
733 941 856 1004 Επιδαά-

52 1049 106 1101 ρου
125 1023 296 1098 διαβάντας’
283 1048 308 1090 ες
323 1023 369 1096 τὴν
384 1025 465 1096 νῆσον
481 1027 525 1082 καὶ
543 1023 576 1084 οιί
593 1025 772 1126 προακηκοόσι
788 1032 858 1084 τοῖσι

48 1107 249 1178 Ἅθηναέοισι’
236 1111 377 1166 επιπεσέειν
389 1106 600 1183 ὑποταμομένους
613 1105 644 1166 τὸ
653 1105 707 1166 ἇπό
722 1110 774 1166 τῶν
785 1130 857 1175 νεων,

53 1189 115 1266 α’μα
135 1213 161 1247 τε
178 1196 205 1248 έν
221 1187 303 1264 τούτῳ
319 1188 366 1262 τὴν
382 1187 491 1266 βροντην
503 1212 531 1248 τε
543 1193 673 1266 γενέσθαι
685 1187 787 1249 καὶτὸν
802 1213 855 1248 σει-

53 1271 127 1350 σμὸν
140 1271 249 1332 αιἰτοισι

120 1363 164 1414 87.
185 1361 297 1432 Λέγεται
307 1359 353 1431 μέν
366 1377 410 1412 νυν
421 1378 458 1414 υπ
480 1353 601 1432 Ἀργεέων
613 1377 641 1414 τε
652 1378 694 1413 ιιιιι
686 1355 858 1431 Αἰγινητέων

53 1437 128 1508 τάδε,
148 1437 313 1515 ὁμολογέεται
326 1439 354 1496 δέ
366 1439 411 1495 καὶ
422 1435 468 1495 ὑπ’
481 1435 630 1510 Ἀθηναίων
643 1440 689 1496 ένα
701 1439 798 1514 μοῦνον
811 1434 858 1496 τὸν

53 1523 239 1582 ἀποσωθέντα
261 1519 345 1578 αιἰτῶν
365 1527 392 1586 ές
413 1519 459 1592 τὴν
477 1517 591 1592 Ἀττικὴν
611 1525 756 1597 γενέσθαι·
790 1517 858 1592 πλὴν

48 1605 167 1682 Ἀργεῖοι
191 1608 237 1680 μὲν
263 1609 366 1680 λέγουσι
388 1601 473 1662 αι’πῶν
494 1602 525 1664 τὸ
544 1602 657 1664 Ἀττικὸν
677 1601 858 1682 στρατόπεδον

54 1686 272 1764 διαφθειράντων
283 1683 330 1745 τὸν
344 1688 389 1744 ένα
401 1687 495 1746 τοῦτον
508 1693 703 1766 περιγενέσθαι,
717 1685 858 1759 Ἇθιμαῒοι

54 1775 87 1830 δέ
99 1772 149 1830 τοῦ
161 1773 308 1846 δαιμονίου·
330 1773 517 1846 περιγενέσθαι
528 1776 615 1847 μέντοι
633 1769 692 1830 ουδὲ
706 1771 799 1828 τοῦτον
812 1767 858 1826 τὸν

54 1857 117 1922 ἕνα,
140 1851 195 1912 ἄλλ’
212 1851 363 1912 ἀπολέσθαι
380 1851 469 1930 τρόπῳ
486 1855 586 1930 τοιῷδε·
612 1853 751 1928 νομισθεὶς
767 1849 820 1928 γάρ
832 1857 858 1918 ές

56 1934 107 2002 τάς
122 1934 240 2008 Ἀθάμας
258 1933 396 2012 ἀπήγγειλε
413 1934 443 1994 τὸ
460 1933 571 2002 πάθος·
597 1940 751 2011 πυθομένας
768 1935 797 1990 δέ
809 1931 858 1998 τάς

56 2025 183 2096 γυναῖκας
195 2019 247 2078 τῶν
260 2015 302 2076 ἐπ’
317 2023 428 2094 Αἶγιναν
441 2023 668 2118 στρατευσαμένων
682 2015 789 2092 άνδρῶν,
804 2017 855 2073 δει-

56 2100 105 2160 νόν
117 2126 143 2161 τι
155 2105 331 2176 ποιησαμένας
344 2107 427 2160 κεῖνον
439 2123 537 2177 μουνον
549 2100 606 2167 έξ
590 2098 712 2159 απάντειν
726 2096 857 2197 σωθηναι,

56 2189 134 2262 πέριξ
152 2183 198 2246 τὸν
221 2181 367 2262 άνθρωπον
386 2205 480 2242 τουτον
501 2179 635 2257 λαβοέισας
655 2184 699 2242 και
720 2177 857 2246 κεντεύσας

56 2291 126 2376 τησι
133 2267 259 2346 περόνησε
270 2267 321 2326 τάν
334 2266 475 2344 ιματέων’
452 2267 560 2343 ειριιτᾶν
571 2263 681 2338 εκάστην
699 2258 795 2322 αι’πέων
808 2285 856 2338 οιιη

57 2357 97 2423 ε’έη
113 2349 263 2423 ὅέευοτῆς
249 2349 321 2428 ανήρ.
349 2353 393 2409 καὶ
410 2373 503 2410 τουτον
519 2353 565 2426 μέν
582 2345 649 2408 οὕτω
664 2345 856 2422 διαφθαρῆναι,

55 2433 225 2506 Ἀθηναίοισι
242 2435 299 2492 δέ”
284 2457 319 2492 ετι
331 2457 380 2492 του
365 2431 496 2499 πάθεος
510 2429 653 2509 δεινότερόν
663 2455 689 2490 τι
702 2428 777 2496 δόξαι
790 2425 857 2487 εἶναι

58 2515 89 2576 τὸ
111 2518 163 2576 τῶν
184 2515 313 2616 γυναμιῶν
330 2517 412 2619 ἔργον
440 2512 506 2590 ἄλλοι
526 2520 572 2592 μέν
595 2513 696 2588 θὴρέιιι
712 2516 775 2586 ἔχειν
794 2509 857 2611 ὅπερ

59 2597 220 2702 ζημιωσουσι
231 2597 279 2665 τάς
289 2605 422 2698 γυναῖκας,
438 2621 486 2670 την
498 2601 551 2658 δέέ
538 2599 642 2670 έσθῇτα
655 2592 839 2672 μετέβαλον’
809 2617 857 2650 αυ-

61 2687 125 2742 τέοιν
148 2689 173 2748 ἐς
193 2679 241 2754 τὴν
257 2677 356 2740 Ιάδα·
375 2678 483 2758 ἐφόρεον
503 2679 555 2760 γὰρ
578 2679 610 2753 δη
627 2701 679 2758 προ
697 2703 745 2740 του
764 2679 792 2736 αἱ
808 2677 859 2734 τῶν
