<?xml version="1.0" encoding="UTF-8"?>
<!DOCTYPE html PUBLIC "-//W3C//DTD XHTML 1.0 Transitional//EN"
    "http://www.w3.org/TR/xhtml1/DTD/xhtml1-transitional.dtd">
<html xmlns="http://www.w3.org/1999/xhtml" xml:lang="en" lang="en">
 <head>
  <title>
</title>
<meta http-equiv="Content-Type" content="text/html;charset=utf-8" />
  <meta name='ocr-system' content='tesseract 3.04.00' />
  <meta name='ocr-capabilities' content='ocr_page ocr_carea ocr_par ocr_line ocrx_word'/>
</head>
<body>
  <div class='ocr_page' id='page_1' title='image "./herodotihistori08herogoog_0624.png"; bbox 0 0 2008 2922; ppageno 0'>
   <div class='ocr_carea' id='block_1_1' title="bbox 220 109 839 196">
    <p class='ocr_par' dir='ltr' id='par_1_1' title="bbox 220 109 839 196">
     <span class='ocr_line' id='line_1_1' title="bbox 220 109 839 196; baseline 0.003 -13"><span class='ocrx_word' id='word_1_1' title='bbox 220 109 296 183; x_wconf 77' lang='grc' dir='ltr'><strong><em>τιτι.</em></strong></span> <span class='ocrx_word' id='word_1_2' title='bbox 317 137 365 182; x_wconf 79' lang='grc' dir='ltr'><strong><em>τι.</em></strong></span> <span class='ocrx_word' id='word_1_3' title='bbox 394 135 472 196; x_wconf 66' lang='grc' dir='ltr'><strong><em>σοι),</em></strong></span> <span class='ocrx_word' id='word_1_4' title='bbox 494 130 666 191; x_wconf 79' lang='grc' dir='ltr'><strong><em>ιιι-119.</em></strong></span> <span class='ocrx_word' id='word_1_5' title='bbox 790 135 839 185; x_wconf 79' lang='grc' dir='ltr'><strong><em>ιιι</em></strong></span> 
     </span>
    </p>
   </div>
   <div class='ocr_carea' id='block_1_2' title="bbox 31 237 840 1002">
    <p class='ocr_par' dir='ltr' id='par_1_2' title="bbox 31 237 840 815">
     <span class='ocr_line' id='line_1_2' title="bbox 32 237 837 318; baseline 0.001 -17"><span class='ocrx_word' id='word_1_6' title='bbox 32 245 96 318; x_wconf 87' lang='grc' dir='ltr'><strong><em>ζόης</em></strong></span> <span class='ocrx_word' id='word_1_7' title='bbox 118 237 287 302; x_wconf 74' lang='grc' dir='ltr'><strong><em>διατελέειν</em></strong></span> <span class='ocrx_word' id='word_1_8' title='bbox 272 237 326 298; x_wconf 85' lang='grc' dir='ltr'><strong><em>απὸ</em></strong></span> <span class='ocrx_word' id='word_1_9' title='bbox 344 238 438 298; x_wconf 81' lang='grc' dir='ltr'><strong><em>τουτου</em></strong></span> <span class='ocrx_word' id='word_1_10' title='bbox 456 243 503 298; x_wconf 80' lang='grc' dir='ltr'><strong><em>του</em></strong></span> <span class='ocrx_word' id='word_1_11' title='bbox 520 238 618 316; x_wconf 88' lang='grc' dir='ltr'><strong><em>χρόνου</em></strong></span> <span class='ocrx_word' id='word_1_12' title='bbox 640 238 716 300; x_wconf 87' lang='grc' dir='ltr'><strong><em>ἐόντα</em></strong></span> <span class='ocrx_word' id='word_1_13' title='bbox 734 243 837 316; x_wconf 83' lang='grc' dir='ltr'><strong><em>τυφλόν.</em></strong></span> 
     </span>
     <span class='ocr_line' id='line_1_3' title="bbox 31 319 840 429; baseline -0.005 -42"><span class='ocrx_word' id='word_1_14' title='bbox 31 335 120 429; x_wconf 65' lang='grc' dir='ltr'><strong><em>λέγειν</em></strong></span> <span class='ocrx_word' id='word_1_15' title='bbox 138 327 166 382; x_wconf 85' lang='grc' dir='ltr'><strong><em>δέ</em></strong></span> <span class='ocrx_word' id='word_1_16' title='bbox 184 320 263 382; x_wconf 73' lang='grc' dir='ltr'><strong><em>αὐτὸν</em></strong></span> <span class='ocrx_word' id='word_1_17' title='bbox 278 319 380 396; x_wconf 73' lang='grc' dir='ltr'><strong><em>ἥκουσα</em></strong></span> <span class='ocrx_word' id='word_1_18' title='bbox 398 324 458 398; x_wconf 76' lang='grc' dir='ltr'><strong><em>περὶ</em></strong></span> <span class='ocrx_word' id='word_1_19' title='bbox 475 323 523 380; x_wconf 75' lang='grc' dir='ltr'>τοῦ</span> <span class='ocrx_word' id='word_1_20' title='bbox 540 319 648 388; x_wconf 91' lang='grc' dir='ltr'><strong><em>πάθεος</em></strong></span> <span class='ocrx_word' id='word_1_21' title='bbox 664 321 765 382; x_wconf 89' lang='grc' dir='ltr'><strong><em>τοιόνδε</em></strong></span> <span class='ocrx_word' id='word_1_22' title='bbox 782 325 840 384; x_wconf 80' lang='grc' dir='ltr'><strong><em>τινὰ</em></strong></span> 
     </span>
     <span class='ocr_line' id='line_1_4' title="bbox 33 401 839 504; baseline -0.004 -37"><span class='ocrx_word' id='word_1_23' title='bbox 33 411 133 487; x_wconf 83' lang='grc' dir='ltr'><strong><em>λόχον,</em></strong></span> <span class='ocrx_word' id='word_1_24' title='bbox 158 404 241 504; x_wconf 82' lang='grc' dir='ltr'><strong><em>άνδρρι</em></strong></span> <span class='ocrx_word' id='word_1_25' title='bbox 256 429 281 464; x_wconf 89' lang='grc' dir='ltr'><strong><em>οι</em></strong></span> <span class='ocrx_word' id='word_1_26' title='bbox 272 406 388 463; x_wconf 69' lang='grc' dir='ltr'><strong><em>“δοκέειν</em></strong></span> <span class='ocrx_word' id='word_1_27' title='bbox 402 401 534 475; x_wconf 83' lang='grc' dir='ltr'><strong><em>ὁπλέτην</em></strong></span> <span class='ocrx_word' id='word_1_28' title='bbox 520 406 668 476; x_wconf 78' lang='grc' dir='ltr'><strong><em>αντιστῇναι</em></strong></span> <span class='ocrx_word' id='word_1_29' title='bbox 679 411 769 482; x_wconf 72' lang='grc' dir='ltr'><strong><em>μέγαν,</em></strong></span> <span class='ocrx_word' id='word_1_30' title='bbox 791 411 839 466; x_wconf 78' lang='grc' dir='ltr'><strong><em>τοῦ</em></strong></span> 
     </span>
     <span class='ocr_line' id='line_1_5' title="bbox 34 485 840 569; baseline -0.004 -18"><span class='ocrx_word' id='word_1_31' title='bbox 34 493 66 552; x_wconf 90' lang='grc' dir='ltr'><strong><em>τό</em></strong></span> <span class='ocrx_word' id='word_1_32' title='bbox 85 496 188 569; x_wconf 73' lang='grc' dir='ltr'><strong><em>γένειον</em></strong></span> <span class='ocrx_word' id='word_1_33' title='bbox 204 485 251 560; x_wconf 79' lang='grc' dir='ltr'><strong><em>τὴν</em></strong></span> <span class='ocrx_word' id='word_1_34' title='bbox 269 485 370 545; x_wconf 81' lang='grc' dir='ltr'><strong><em>ἆσπιδα</em></strong></span> <span class='ocrx_word' id='word_1_35' title='bbox 387 487 479 544; x_wconf 81' lang='grc' dir='ltr'><strong><em>πάσαν</em></strong></span> <span class='ocrx_word' id='word_1_36' title='bbox 497 485 622 554; x_wconf 62' lang='grc' dir='ltr'><strong><em>σκιάζειν</em></strong></span> <span class='ocrx_word' id='word_1_37' title='bbox 648 487 679 548; x_wconf 89' lang='grc' dir='ltr'><strong><em>τὸ</em></strong></span> <span class='ocrx_word' id='word_1_38' title='bbox 698 491 726 547; x_wconf 88' lang='grc' dir='ltr'><strong><em>δέ</em></strong></span> <span class='ocrx_word' id='word_1_39' title='bbox 743 487 840 565; x_wconf 81' lang='grc' dir='ltr'><em>φάσμα</em></span> 
     </span>
     <span class='ocr_line' id='line_1_6' title="bbox 36 568 837 674; baseline -0.006 -41"><span class='ocrx_word' id='word_1_40' title='bbox 36 599 118 674; x_wconf 82' lang='grc' dir='ltr'><strong><em>τουτρ</em></strong></span> <span class='ocrx_word' id='word_1_41' title='bbox 132 569 228 630; x_wconf 82' lang='grc' dir='ltr'><strong><em>ἑωυτόν</em></strong></span> <span class='ocrx_word' id='word_1_42' title='bbox 240 574 286 648; x_wconf 88' lang='grc' dir='ltr'><strong><em>μέν</em></strong></span> <span class='ocrx_word' id='word_1_43' title='bbox 299 568 516 646; x_wconf 76' lang='grc' dir='ltr'><strong><em>παρεξελθεῖν,</em></strong></span> <span class='ocrx_word' id='word_1_44' title='bbox 490 592 536 626; x_wconf 92' lang='grc' dir='ltr'><strong><em>τον</em></strong></span> <span class='ocrx_word' id='word_1_45' title='bbox 550 571 602 626; x_wconf 74' lang='grc' dir='ltr'><strong><em>δέ’</em></strong></span> <span class='ocrx_word' id='word_1_46' title='bbox 588 573 684 630; x_wconf 77' lang='grc' dir='ltr'><strong><em>εωυτοῦ</em></strong></span> <span class='ocrx_word' id='word_1_47' title='bbox 697 572 837 648; x_wconf 89' lang='grc' dir='ltr'><strong><em>παραστά-</em></strong></span> 
     </span>
     <span class='ocr_line' id='line_1_7' title="bbox 36 649 836 730; baseline -0.004 -15"><span class='ocrx_word' id='word_1_48' title='bbox 36 681 83 729; x_wconf 80' lang='grc' dir='ltr'><strong><em>την</em></strong></span> <span class='ocrx_word' id='word_1_49' title='bbox 99 655 259 715; x_wconf 78' lang='grc' dir='ltr'><strong><em>ἀποκτεῖναι</em></strong></span> <span class='ocrx_word' id='word_1_50' title='bbox 286 652 371 710; x_wconf 74' lang='grc' dir='ltr'><strong><em>ταῦτα</em></strong></span> <span class='ocrx_word' id='word_1_51' title='bbox 388 656 434 726; x_wconf 87' lang='grc' dir='ltr'><strong><em>μέν</em></strong></span> <span class='ocrx_word' id='word_1_52' title='bbox 451 649 482 722; x_wconf 80' lang='grc' dir='ltr'><strong><em>δὴ</em></strong></span> <span class='ocrx_word' id='word_1_53' title='bbox 498 649 629 724; x_wconf 84' lang='grc' dir='ltr'><strong><em>Επίζηλον</em></strong></span> <span class='ocrx_word' id='word_1_54' title='bbox 647 653 785 730; x_wconf 76' lang='grc' dir='ltr'><strong><em>ἐπυθόμην</em></strong></span> <span class='ocrx_word' id='word_1_55' title='bbox 798 659 836 712; x_wconf 79' lang='grc' dir='ltr'><strong><em>λέ-</em></strong></span> 
     </span>
     <span class='ocr_line' id='line_1_8' title="bbox 35 763 99 815; baseline -0.031 -17"><span class='ocrx_word' id='word_1_56' title='bbox 35 763 99 815; x_wconf 82' lang='grc' dir='ltr'><strong><em>χειν.</em></strong></span> 
     </span>
    </p>

    <p class='ocr_par' dir='ltr' id='par_1_3' title="bbox 34 815 839 980">
     <span class='ocr_line' id='line_1_9' title="bbox 100 815 839 898; baseline -0.003 -18"><span class='ocrx_word' id='word_1_57' title='bbox 100 828 161 880; x_wconf 82' lang='grc'><strong>118.</strong></span> <span class='ocrx_word' id='word_1_58' title='bbox 183 819 264 886; x_wconf 86' lang='grc' dir='ltr'><strong><em>Δάτις</em></strong></span> <span class='ocrx_word' id='word_1_59' title='bbox 282 822 309 878; x_wconf 87' lang='grc' dir='ltr'><strong><em>δέ</em></strong></span> <span class='ocrx_word' id='word_1_60' title='bbox 326 815 500 896; x_wconf 77' lang='grc' dir='ltr'><strong><em>πορευόμενος</em></strong></span> <span class='ocrx_word' id='word_1_61' title='bbox 519 816 616 895; x_wconf 76' lang='grc' dir='ltr'><strong><em>ἅμα</em></strong></span> <span class='ocrx_word' id='word_1_62' title='bbox 587 819 622 876; x_wconf 78' lang='grc' dir='ltr'><strong><em>τά</em></strong></span> <span class='ocrx_word' id='word_1_63' title='bbox 637 843 740 898; x_wconf 78' lang='grc' dir='ltr'><strong><em>στρατη</em></strong></span> <span class='ocrx_word' id='word_1_64' title='bbox 729 821 779 886; x_wconf 80' lang='grc' dir='ltr'><strong><em>ἐς</em></strong></span> <span class='ocrx_word' id='word_1_65' title='bbox 792 819 839 892; x_wconf 74' lang='grc' dir='ltr'><strong><em>τὴν</em></strong></span> 
     </span>
     <span class='ocr_line' id='line_1_10' title="bbox 33 877 839 1002; baseline -0.005 -37.995"><span class='ocrx_word' id='word_1_66' title='bbox 33 904 135 977; x_wconf 75' lang='grc' dir='ltr'><strong><em>Ἀσίην,</em></strong></span> <span class='ocrx_word' id='word_1_67' title='bbox 164 907 220 962; x_wconf 86' lang='grc' dir='ltr'><strong><em>ἐπεέ</em></strong></span> <span class='ocrx_word' id='word_1_68' title='bbox 241 927 268 960; x_wconf 87' lang='grc' dir='ltr'><strong><em>τε</em></strong></span> <span class='ocrx_word' id='word_1_69' title='bbox 288 907 421 1002; x_wconf 77' lang='grc' dir='ltr'><strong><em>ἐγένετο</em></strong></span> <span class='ocrx_word' id='word_1_70' title='bbox 408 924 434 958; x_wconf 80' lang='grc' dir='ltr'><strong><em>ιν</em></strong></span> <span class='ocrx_word' id='word_1_71' title='bbox 452 900 580 977; x_wconf 82' lang='grc' dir='ltr'><strong><em>Μυκόνῳ,</em></strong></span> <span class='ocrx_word' id='word_1_72' title='bbox 602 877 690 961; x_wconf 61' lang='lat' dir='ltr'><strong><em>6666M</em></strong></span> <span class='ocrx_word' id='word_1_73' title='bbox 675 923 737 980; x_wconf 83' lang='grc' dir='ltr'><strong><em>οψιν</em></strong></span> <span class='ocrx_word' id='word_1_74' title='bbox 759 906 839 980; x_wconf 84' lang='grc' dir='ltr'><strong><em>ἐντῶ</em></strong></span> 
     </span>
    </p>
   </div>
   <div class='ocr_carea' id='block_1_3' title="bbox 19 1033 861 2718">
    <p class='ocr_par' dir='ltr' id='par_1_4' title="bbox 36 1033 861 1969">
     <span class='ocr_line' id='line_1_11' title="bbox 36 1033 839 1148; baseline -0.002 -20"><span class='ocrx_word' id='word_1_75' title='bbox 36 1095 68 1148; x_wconf 85' lang='grc' dir='ltr'><strong><em>ρη</em></strong></span> <span class='ocrx_word' id='word_1_76' title='bbox 83 1033 200 1142; x_wconf 87' lang='grc' dir='ltr'><strong><em>τάχιστα</em></strong></span> <span class='ocrx_word' id='word_1_77' title='bbox 214 1072 349 1143; x_wconf 78' lang='grc' dir='ltr'><strong><em>ἐπέλαμψε,</em></strong></span> <span class='ocrx_word' id='word_1_78' title='bbox 365 1064 493 1138; x_wconf 19' lang='grc' dir='ltr'><strong><em>ζέχᾸιησιν</em></strong></span> <span class='ocrx_word' id='word_1_79' title='bbox 480 1071 592 1124; x_wconf 81' lang='grc' dir='ltr'><strong><em>εποιέετο</em></strong></span> <span class='ocrx_word' id='word_1_80' title='bbox 605 1067 656 1126; x_wconf 77' lang='grc' dir='ltr'><strong><em>τῶν</em></strong></span> <span class='ocrx_word' id='word_1_81' title='bbox 669 1068 743 1126; x_wconf 78' lang='grc' dir='ltr'><strong><em>νεῶν·</em></strong></span> <span class='ocrx_word' id='word_1_82' title='bbox 759 1067 839 1146; x_wconf 77' lang='grc' dir='ltr'><strong><em>εὑρών</em></strong></span> 
     </span>
     <span class='ocr_line' id='line_1_12' title="bbox 37 1146 838 1252; baseline -0.004 -41"><span class='ocrx_word' id='word_1_83' title='bbox 37 1157 97 1211; x_wconf 82' lang='lat'><strong><em>66</em></strong></span> <span class='ocrx_word' id='word_1_84' title='bbox 84 1177 112 1211; x_wconf 84' lang='grc' dir='ltr'><strong><em>εν</em></strong></span> <span class='ocrx_word' id='word_1_85' title='bbox 134 1154 261 1226; x_wconf 88' lang='grc' dir='ltr'><strong><em>Φοινέσση</em></strong></span> <span class='ocrx_word' id='word_1_86' title='bbox 280 1153 322 1222; x_wconf 84' lang='grc' dir='ltr'><strong><em>νηλ</em></strong></span> <span class='ocrx_word' id='word_1_87' title='bbox 312 1146 448 1225; x_wconf 83' lang='grc' dir='ltr'><strong><em>ι’άχαλμα</em></strong></span> <span class='ocrx_word' id='word_1_88' title='bbox 462 1146 618 1218; x_wconf 74' lang='grc' dir='ltr'><strong><em>’Λπόλλωνος</em></strong></span> <span class='ocrx_word' id='word_1_89' title='bbox 640 1155 838 1252; x_wconf 80' lang='grc' dir='ltr'><strong><em>κεχρυσωμένον,</em></strong></span> 
     </span>
     <span class='ocr_line' id='line_1_13' title="bbox 37 1231 861 1338; baseline -0.004 -44"><span class='ocrx_word' id='word_1_90' title='bbox 37 1233 206 1294; x_wconf 82' lang='grc' dir='ltr'><strong><em>ἐπυνθάνετο</em></strong></span> <span class='ocrx_word' id='word_1_91' title='bbox 225 1231 322 1292; x_wconf 82' lang='grc' dir='ltr'><strong><em>ὁκόθεν</em></strong></span> <span class='ocrx_word' id='word_1_92' title='bbox 340 1235 547 1338; x_wconf 75' lang='grc' dir='ltr'><strong><em>σερυλημένον</em></strong></span> <span class='ocrx_word' id='word_1_93' title='bbox 526 1237 580 1303; x_wconf 77' lang='grc' dir='ltr'><strong><em>αιἠ·</em></strong></span> <span class='ocrx_word' id='word_1_94' title='bbox 602 1231 755 1308; x_wconf 87' lang='grc' dir='ltr'><strong><em>πυθόμενος</em></strong></span> <span class='ocrx_word' id='word_1_95' title='bbox 772 1237 799 1291; x_wconf 89' lang='grc' dir='ltr'><strong><em>δέ</em></strong></span> <span class='ocrx_word' id='word_1_96' title='bbox 812 1231 861 1300; x_wconf 78' lang='grc' dir='ltr'><strong><em>ι’ξ“</em></strong></span> 
     </span>
     <span class='ocr_line' id='line_1_14' title="bbox 37 1309 842 1394; baseline -0.002 -18"><span class='ocrx_word' id='word_1_97' title='bbox 37 1343 70 1376; x_wconf 94' lang='grc' dir='ltr'><strong><em>ου</em></strong></span> <span class='ocrx_word' id='word_1_98' title='bbox 89 1309 123 1388; x_wconf 76' lang='grc' dir='ltr'><strong><em>ἦν</em></strong></span> <span class='ocrx_word' id='word_1_99' title='bbox 143 1316 213 1394; x_wconf 83' lang='grc' dir='ltr'><strong><em>ἱρου,</em></strong></span> <span class='ocrx_word' id='word_1_100' title='bbox 235 1315 354 1372; x_wconf 75' lang='grc' dir='ltr'><strong><em>ἐπλεε</em></strong></span> <span class='ocrx_word' id='word_1_101' title='bbox 323 1339 354 1390; x_wconf 83' lang='grc' dir='ltr'><strong><em>τμ</em></strong></span> <span class='ocrx_word' id='word_1_102' title='bbox 371 1313 466 1372; x_wconf 89' lang='grc' dir='ltr'><strong><em>έωυτου</em></strong></span> <span class='ocrx_word' id='word_1_103' title='bbox 484 1317 529 1385; x_wconf 74' lang='grc' dir='ltr'><strong><em>νηῒ</em></strong></span> <span class='ocrx_word' id='word_1_104' title='bbox 543 1319 567 1378; x_wconf 86' lang='grc' dir='ltr'><strong><em>ἐς</em></strong></span> <span class='ocrx_word' id='word_1_105' title='bbox 585 1314 682 1385; x_wconf 70' lang='grc' dir='ltr'><strong><em>Δῆλον·</em></strong></span> <span class='ocrx_word' id='word_1_106' title='bbox 703 1317 747 1374; x_wconf 83' lang='grc' dir='ltr'><strong><em>καλ</em></strong></span> <span class='ocrx_word' id='word_1_107' title='bbox 763 1317 842 1388; x_wconf 57' lang='lat'>(666⁴</span> 
     </span>
     <span class='ocr_line' id='line_1_15' title="bbox 38 1393 835 1476; baseline 0 -18"><span class='ocrx_word' id='word_1_108' title='bbox 38 1424 106 1458; x_wconf 89' lang='grc' dir='ltr'><strong><em>κατο</em></strong></span> <span class='ocrx_word' id='word_1_109' title='bbox 118 1397 171 1476; x_wconf 74' lang='grc' dir='ltr'><strong><em>γάρ</em></strong></span> <span class='ocrx_word' id='word_1_110' title='bbox 183 1421 321 1470; x_wconf 86' lang='grc' dir='ltr'><strong><em>τηνικαυτα</em></strong></span> <span class='ocrx_word' id='word_1_111' title='bbox 335 1419 361 1454; x_wconf 90' lang='grc' dir='ltr'><strong><em>οι</em></strong></span> <span class='ocrx_word' id='word_1_112' title='bbox 352 1393 489 1469; x_wconf 87' lang='grc' dir='ltr'><strong><em>Δηλιοι</em></strong></span> <span class='ocrx_word' id='word_1_113' title='bbox 478 1401 561 1456; x_wconf 86' lang='grc' dir='ltr'><strong><em>σπέσω</em></strong></span> <span class='ocrx_word' id='word_1_114' title='bbox 575 1403 599 1462; x_wconf 84' lang='grc' dir='ltr'><strong><em>ἐς</em></strong></span> <span class='ocrx_word' id='word_1_115' title='bbox 617 1396 663 1470; x_wconf 77' lang='grc' dir='ltr'><strong><em>τὴν</em></strong></span> <span class='ocrx_word' id='word_1_116' title='bbox 679 1399 770 1472; x_wconf 74' lang='grc' dir='ltr'><strong><em>νῆσον)</em></strong></span> <span class='ocrx_word' id='word_1_117' title='bbox 788 1423 835 1457; x_wconf 91' lang='grc' dir='ltr'><strong><em>κα-</em></strong></span> 
     </span>
     <span class='ocr_line' id='line_1_16' title="bbox 38 1475 838 1557; baseline 0.001 -17"><span class='ocrx_word' id='word_1_118' title='bbox 38 1486 182 1540; x_wconf 86' lang='grc' dir='ltr'><strong><em>τατέθεται</em></strong></span> <span class='ocrx_word' id='word_1_119' title='bbox 193 1505 221 1539; x_wconf 91' lang='grc' dir='ltr'><strong><em>τε</em></strong></span> <span class='ocrx_word' id='word_1_120' title='bbox 235 1487 259 1546; x_wconf 89' lang='grc' dir='ltr'><strong><em>ἐς</em></strong></span> <span class='ocrx_word' id='word_1_121' title='bbox 271 1505 302 1538; x_wconf 90' lang='grc' dir='ltr'><strong><em>το</em></strong></span> <span class='ocrx_word' id='word_1_122' title='bbox 292 1477 374 1557; x_wconf 76' lang='grc' dir='ltr'><strong><em>ἱρόν</em></strong></span> <span class='ocrx_word' id='word_1_123' title='bbox 386 1477 417 1538; x_wconf 89' lang='grc' dir='ltr'><strong><em>τό</em></strong></span> <span class='ocrx_word' id='word_1_124' title='bbox 427 1475 544 1556; x_wconf 82' lang='grc' dir='ltr'><strong><em>άχαλμα,</em></strong></span> <span class='ocrx_word' id='word_1_125' title='bbox 563 1503 608 1538; x_wconf 84' lang='grc' dir='ltr'><strong><em>και</em></strong></span> <span class='ocrx_word' id='word_1_126' title='bbox 599 1483 756 1540; x_wconf 81' lang='grc' dir='ltr'><strong><em>ἐντέλλεται</em></strong></span> <span class='ocrx_word' id='word_1_127' title='bbox 769 1489 838 1542; x_wconf 83' lang='grc' dir='ltr'><strong><em>τυῒσι</em></strong></span> 
     </span>
     <span class='ocr_line' id='line_1_17' title="bbox 38 1559 836 1640; baseline 0.001 -16"><span class='ocrx_word' id='word_1_128' title='bbox 38 1561 189 1638; x_wconf 85' lang='grc' dir='ltr'><strong><em>Δηλίοισι</em></strong></span> <span class='ocrx_word' id='word_1_129' title='bbox 176 1569 322 1638; x_wconf 81' lang='grc' dir='ltr'><strong><em>απαχαχεῗν</em></strong></span> <span class='ocrx_word' id='word_1_130' title='bbox 339 1561 369 1621; x_wconf 89' lang='grc' dir='ltr'><strong><em>τὸ</em></strong></span> <span class='ocrx_word' id='word_1_131' title='bbox 388 1559 524 1639; x_wconf 76' lang='grc' dir='ltr'><strong><em>άχοιλμα’</em></strong></span> <span class='ocrx_word' id='word_1_132' title='bbox 512 1587 535 1629; x_wconf 84' lang='grc' dir='ltr'><strong><em>ες</em></strong></span> <span class='ocrx_word' id='word_1_133' title='bbox 550 1560 683 1636; x_wconf 76' lang='grc' dir='ltr'><strong><em>Δήλιον</em></strong></span> <span class='ocrx_word' id='word_1_134' title='bbox 657 1590 688 1624; x_wconf 88' lang='grc' dir='ltr'><strong><em>τα</em></strong></span> <span class='ocrx_word' id='word_1_135' title='bbox 706 1567 836 1640; x_wconf 78' lang='grc' dir='ltr'><strong><em>Θηβαίων</em></strong></span> 
     </span>
     <span class='ocr_line' id='line_1_18' title="bbox 37 1643 838 1725; baseline -0.001 -19"><span class='ocrx_word' id='word_1_136' title='bbox 37 1647 68 1708; x_wconf 87' lang='grc' dir='ltr'><strong><em>τό</em></strong></span> <span class='ocrx_word' id='word_1_137' title='bbox 83 1647 108 1707; x_wconf 71' lang='grc' dir='ltr'><strong><em>δ’</em></strong></span> <span class='ocrx_word' id='word_1_138' title='bbox 126 1648 237 1706; x_wconf 77' lang='grc' dir='ltr'><strong><em>ἐστλέπὶ</em></strong></span> <span class='ocrx_word' id='word_1_139' title='bbox 249 1643 380 1722; x_wconf 79' lang='grc' dir='ltr'><strong><em>θαλάσσῃ</em></strong></span> <span class='ocrx_word' id='word_1_140' title='bbox 393 1649 521 1714; x_wconf 72' lang='grc' dir='ltr'><strong><em>Χαλκίδος</em></strong></span> <span class='ocrx_word' id='word_1_141' title='bbox 532 1653 676 1707; x_wconf 86' lang='grc' dir='ltr'><strong><em>καταντέον.</em></strong></span> <span class='ocrx_word' id='word_1_142' title='bbox 698 1651 779 1716; x_wconf 79' lang='grc' dir='ltr'><strong><em>Δάτις</em></strong></span> <span class='ocrx_word' id='word_1_143' title='bbox 792 1654 838 1725; x_wconf 66' lang='grc' dir='ltr'><strong><em>μέν</em></strong></span> 
     </span>
     <span class='ocr_line' id='line_1_19' title="bbox 39 1726 838 1808; baseline 0.004 -21"><span class='ocrx_word' id='word_1_144' title='bbox 39 1730 69 1802; x_wconf 76' lang='grc' dir='ltr'><strong><em>δὴ</em></strong></span> <span class='ocrx_word' id='word_1_145' title='bbox 83 1730 171 1790; x_wconf 79' lang='grc' dir='ltr'><strong><em>ταῧτα</em></strong></span> <span class='ocrx_word' id='word_1_146' title='bbox 184 1727 352 1803; x_wconf 78' lang='grc' dir='ltr'><strong><em>ἐντελλόμενος</em></strong></span> <span class='ocrx_word' id='word_1_147' title='bbox 364 1726 481 1798; x_wconf 82' lang='grc' dir='ltr'><strong><em>ἆπέπλεε,</em></strong></span> <span class='ocrx_word' id='word_1_148' title='bbox 496 1727 541 1788; x_wconf 86' lang='grc' dir='ltr'><strong><em>τόν</em></strong></span> <span class='ocrx_word' id='word_1_149' title='bbox 552 1732 580 1788; x_wconf 89' lang='grc' dir='ltr'><strong><em>δέ</em></strong></span> <span class='ocrx_word' id='word_1_150' title='bbox 592 1729 732 1808; x_wconf 77' lang='grc' dir='ltr'><strong><em>ἀνδριάντα</em></strong></span> <span class='ocrx_word' id='word_1_151' title='bbox 745 1733 838 1790; x_wconf 76' lang='grc' dir='ltr'><strong><em>τοῦτυν</em></strong></span> 
     </span>
     <span class='ocr_line' id='line_1_20' title="bbox 40 1809 835 1888; baseline -0.001 -17"><span class='ocrx_word' id='word_1_152' title='bbox 40 1813 131 1885; x_wconf 74' lang='grc' dir='ltr'><strong><em>Δήλιοι</em></strong></span> <span class='ocrx_word' id='word_1_153' title='bbox 149 1811 196 1872; x_wconf 78' lang='grc' dir='ltr'><strong><em>οδκ</em></strong></span> <span class='ocrx_word' id='word_1_154' title='bbox 215 1809 367 1887; x_wconf 78' lang='grc' dir='ltr'><strong><em>ἆπήχαχον,</em></strong></span> <span class='ocrx_word' id='word_1_155' title='bbox 396 1809 459 1868; x_wconf 79' lang='grc' dir='ltr'><strong><em>ἄλλά</em></strong></span> <span class='ocrx_word' id='word_1_156' title='bbox 476 1835 519 1888; x_wconf 91' lang='grc' dir='ltr'><strong><em>μιν</em></strong></span> <span class='ocrx_word' id='word_1_157' title='bbox 537 1811 571 1869; x_wconf 78' lang='grc' dir='ltr'><strong><em>δι’</em></strong></span> <span class='ocrx_word' id='word_1_158' title='bbox 587 1817 660 1870; x_wconf 87' lang='grc' dir='ltr'><strong><em>ἐτέων</em></strong></span> <span class='ocrx_word' id='word_1_159' title='bbox 682 1819 763 1872; x_wconf 75' lang='grc' dir='ltr'><strong><em>εἴκοσι</em></strong></span> <span class='ocrx_word' id='word_1_160' title='bbox 783 1823 835 1884; x_wconf 80' lang='grc' dir='ltr'><strong><em>Θη-</em></strong></span> 
     </span>
     <span class='ocr_line' id='line_1_21' title="bbox 41 1891 757 1969; baseline -0.001 -15"><span class='ocrx_word' id='word_1_161' title='bbox 41 1897 111 1968; x_wconf 77' lang='grc' dir='ltr'><strong><em>βαῖοι</em></strong></span> <span class='ocrx_word' id='word_1_162' title='bbox 126 1894 203 1954; x_wconf 79' lang='grc' dir='ltr'><strong><em>αδτυλ</em></strong></span> <span class='ocrx_word' id='word_1_163' title='bbox 216 1901 242 1952; x_wconf 86' lang='grc' dir='ltr'><strong><em>ἐκ</em></strong></span> <span class='ocrx_word' id='word_1_164' title='bbox 254 1899 421 1969; x_wconf 79' lang='grc' dir='ltr'><strong><em>θεοπροπίου</em></strong></span> <span class='ocrx_word' id='word_1_165' title='bbox 433 1899 583 1969; x_wconf 72' lang='grc' dir='ltr'><strong><em>ἐκομίσαντο</em></strong></span> <span class='ocrx_word' id='word_1_166' title='bbox 598 1897 640 1952; x_wconf 78' lang='grc' dir='ltr'><strong><em>ἐπὶ</em></strong></span> <span class='ocrx_word' id='word_1_167' title='bbox 654 1891 757 1966; x_wconf 76' lang='grc' dir='ltr'><strong><em>Δόλων.</em></strong></span> 
     </span>
    </p>

    <p class='ocr_par' dir='ltr' id='par_1_5' title="bbox 41 1973 839 2718">
     <span class='ocr_line' id='line_1_22' title="bbox 102 1973 835 2054; baseline -0.004 -17"><span class='ocrx_word' id='word_1_168' title='bbox 102 1983 163 2038; x_wconf 81' lang='grc'>119.</span> <span class='ocrx_word' id='word_1_169' title='bbox 189 1974 254 2044; x_wconf 75' lang='grc' dir='ltr'><strong><em>Τοὺς</em></strong></span> <span class='ocrx_word' id='word_1_170' title='bbox 268 1979 295 2034; x_wconf 84' lang='grc' dir='ltr'><strong><em>δέ</em></strong></span> <span class='ocrx_word' id='word_1_171' title='bbox 307 1977 358 2033; x_wconf 78' lang='grc' dir='ltr'><strong><em>τῶν</em></strong></span> <span class='ocrx_word' id='word_1_172' title='bbox 364 1973 505 2054; x_wconf 81' lang='grc' dir='ltr'><strong><em>Ἐρετριέων</em></strong></span> <span class='ocrx_word' id='word_1_173' title='bbox 518 1974 770 2052; x_wconf 72' lang='grc' dir='ltr'><strong><em>ἀνδραποδισμένους</em></strong></span> <span class='ocrx_word' id='word_1_174' title='bbox 780 1978 835 2034; x_wconf 85' lang='grc' dir='ltr'><strong><em>Δά-</em></strong></span> 
     </span>
     <span class='ocr_line' id='line_1_23' title="bbox 41 2057 837 2164; baseline 0.001 -48"><span class='ocrx_word' id='word_1_175' title='bbox 41 2085 77 2127; x_wconf 85' lang='grc' dir='ltr'><strong><em>τις</em></strong></span> <span class='ocrx_word' id='word_1_176' title='bbox 98 2086 127 2120; x_wconf 92' lang='grc' dir='ltr'><strong><em>τε</em></strong></span> <span class='ocrx_word' id='word_1_177' title='bbox 149 2063 194 2118; x_wconf 84' lang='grc' dir='ltr'><strong><em>καὶ</em></strong></span> <span class='ocrx_word' id='word_1_178' title='bbox 201 2057 394 2164; x_wconf 75' lang='grc' dir='ltr'><strong><em>Ἀρταφέρνης,</em></strong></span> <span class='ocrx_word' id='word_1_179' title='bbox 417 2057 451 2124; x_wconf 83' lang='grc' dir='ltr'><strong><em>ὦς</em></strong></span> <span class='ocrx_word' id='word_1_180' title='bbox 472 2063 621 2134; x_wconf 77' lang='grc' dir='ltr'><strong><em>προσέσχον</em></strong></span> <span class='ocrx_word' id='word_1_181' title='bbox 643 2065 669 2125; x_wconf 87' lang='grc' dir='ltr'><strong><em>ές</em></strong></span> <span class='ocrx_word' id='word_1_182' title='bbox 686 2058 732 2132; x_wconf 82' lang='grc' dir='ltr'><strong><em>τὴν</em></strong></span> <span class='ocrx_word' id='word_1_183' title='bbox 749 2058 837 2130; x_wconf 73' lang='grc' dir='ltr'><strong><em>Ἀσέην</em></strong></span> 
     </span>
     <span class='ocr_line' id='line_1_24' title="bbox 42 2138 837 2219; baseline 0 -19"><span class='ocrx_word' id='word_1_184' title='bbox 42 2139 209 2212; x_wconf 76' lang='grc' dir='ltr'><strong><em>πλέοντες,</em></strong></span> <span class='ocrx_word' id='word_1_185' title='bbox 196 2141 327 2218; x_wconf 76' lang='grc' dir='ltr'><strong><em>ανήχαχον</em></strong></span> <span class='ocrx_word' id='word_1_186' title='bbox 350 2147 374 2208; x_wconf 81' lang='grc' dir='ltr'><strong><em>ἐς</em></strong></span> <span class='ocrx_word' id='word_1_187' title='bbox 398 2141 499 2200; x_wconf 78' lang='grc' dir='ltr'><strong><em>Σοῦσα.</em></strong></span> <span class='ocrx_word' id='word_1_188' title='bbox 527 2138 646 2214; x_wconf 73' lang='grc' dir='ltr'><strong><em>βασιλεὺς</em></strong></span> <span class='ocrx_word' id='word_1_189' title='bbox 668 2143 699 2200; x_wconf 86' lang='grc' dir='ltr'><strong><em>δέ</em></strong></span> <span class='ocrx_word' id='word_1_190' title='bbox 719 2148 837 2219; x_wconf 80' lang='grc' dir='ltr'><strong><em>Δαρεῒος,</em></strong></span> 
     </span>
     <span class='ocr_line' id='line_1_25' title="bbox 43 2221 838 2330; baseline 0 -48"><span class='ocrx_word' id='word_1_191' title='bbox 43 2228 103 2304; x_wconf 83' lang='grc' dir='ltr'><strong><em>πρὶν</em></strong></span> <span class='ocrx_word' id='word_1_192' title='bbox 120 2231 166 2301; x_wconf 88' lang='grc' dir='ltr'><strong><em>μέν</em></strong></span> <span class='ocrx_word' id='word_1_193' title='bbox 185 2223 360 2330; x_wconf 77' lang='grc' dir='ltr'><strong><em>αἰχμαλώτους</em></strong></span> <span class='ocrx_word' id='word_1_194' title='bbox 372 2221 506 2300; x_wconf 73' lang='grc' dir='ltr'><strong><em>γενέσθαι</em></strong></span> <span class='ocrx_word' id='word_1_195' title='bbox 515 2221 578 2288; x_wconf 77' lang='grc' dir='ltr'><strong><em>τοὺς</em></strong></span> <span class='ocrx_word' id='word_1_196' title='bbox 588 2221 739 2301; x_wconf 83' lang='grc' dir='ltr'><strong><em>Ερετριέας,</em></strong></span> <span class='ocrx_word' id='word_1_197' title='bbox 762 2229 838 2297; x_wconf 78' lang='grc' dir='ltr'><strong><em>ἐνεῖχέ</em></strong></span> 
     </span>
     <span class='ocr_line' id='line_1_26' title="bbox 45 2304 838 2384; baseline -0.004 -20"><span class='ocrx_word' id='word_1_198' title='bbox 45 2332 90 2379; x_wconf 83' lang='grc' dir='ltr'><strong><em>σφι</em></strong></span> <span class='ocrx_word' id='word_1_199' title='bbox 108 2305 193 2368; x_wconf 87' lang='grc' dir='ltr'><strong><em>δεινόν</em></strong></span> <span class='ocrx_word' id='word_1_200' title='bbox 209 2305 331 2380; x_wconf 68' lang='grc' dir='ltr'><strong><em>χόλον“</em></strong></span> <span class='ocrx_word' id='word_1_201' title='bbox 307 2331 351 2366; x_wconf 91' lang='grc' dir='ltr'><strong><em>οια</em></strong></span> <span class='ocrx_word' id='word_1_202' title='bbox 369 2305 515 2384; x_wconf 75' lang='grc' dir='ltr'><strong><em>ἀρξάντων</em></strong></span> <span class='ocrx_word' id='word_1_203' title='bbox 523 2304 618 2379; x_wconf 83' lang='grc' dir='ltr'><strong><em>ἇδικίης</em></strong></span> <span class='ocrx_word' id='word_1_204' title='bbox 639 2309 838 2384; x_wconf 78' lang='grc' dir='ltr'><strong><em>προτέρωντῶν</em></strong></span> 
     </span>
     <span class='ocr_line' id='line_1_27' title="bbox 39 2387 834 2496; baseline -0.003 -47.982"><span class='ocrx_word' id='word_1_205' title='bbox 39 2387 199 2496; x_wconf 78' lang='grc' dir='ltr'><strong><em>Ερετριέων</em></strong></span> <span class='ocrx_word' id='word_1_206' title='bbox 231 2395 287 2448; x_wconf 78' lang='grc' dir='ltr'><strong><em>ἐπεὶ</em></strong></span> <span class='ocrx_word' id='word_1_207' title='bbox 307 2407 334 2448; x_wconf 86' lang='grc' dir='ltr'><strong><em>τε</em></strong></span> <span class='ocrx_word' id='word_1_208' title='bbox 355 2392 382 2448; x_wconf 84' lang='grc' dir='ltr'><strong><em>δέ</em></strong></span> <span class='ocrx_word' id='word_1_209' title='bbox 399 2387 453 2448; x_wconf 81' lang='grc' dir='ltr'><strong><em>οἶδε’</em></strong></span> <span class='ocrx_word' id='word_1_210' title='bbox 472 2413 555 2463; x_wconf 81' lang='grc' dir='ltr'><strong><em>σφεας</em></strong></span> <span class='ocrx_word' id='word_1_211' title='bbox 579 2388 750 2472; x_wconf 78' lang='grc' dir='ltr'><strong><em>άπαχθέντας</em></strong></span> <span class='ocrx_word' id='word_1_212' title='bbox 767 2389 834 2490; x_wconf 79' lang='grc' dir='ltr'><strong><em>παρ’</em></strong></span> 
     </span>
     <span class='ocr_line' id='line_1_28' title="bbox 44 2470 838 2550; baseline 0.005 -22"><span class='ocrx_word' id='word_1_213' title='bbox 44 2473 137 2534; x_wconf 80' lang='grc' dir='ltr'><strong><em>ἑωυτόν</em></strong></span> <span class='ocrx_word' id='word_1_214' title='bbox 155 2474 199 2530; x_wconf 87' lang='grc' dir='ltr'><strong><em>καλ</em></strong></span> <span class='ocrx_word' id='word_1_215' title='bbox 214 2471 376 2550; x_wconf 80' lang='grc' dir='ltr'><strong><em>υποχειρέοδς</em></strong></span> <span class='ocrx_word' id='word_1_216' title='bbox 399 2473 482 2548; x_wconf 79' lang='grc' dir='ltr'><strong><em>ἑωυτῷ</em></strong></span> <span class='ocrx_word' id='word_1_217' title='bbox 505 2470 605 2540; x_wconf 89' lang='grc' dir='ltr'><strong><em>ἐόντας,</em></strong></span> <span class='ocrx_word' id='word_1_218' title='bbox 631 2474 739 2545; x_wconf 79' lang='grc' dir='ltr'><strong><em>έπυλησυ</em></strong></span> <span class='ocrx_word' id='word_1_219' title='bbox 758 2471 838 2532; x_wconf 81' lang='grc' dir='ltr'><strong><em>κακὸν</em></strong></span> 
     </span>
     <span class='ocr_line' id='line_1_29' title="bbox 19 2551 838 2632; baseline 0.003 -20.071"><span class='ocrx_word' id='word_1_220' title='bbox 19 2551 103 2616; x_wconf 82' lang='grc' dir='ltr'><strong><em>άλλο</em></strong></span> <span class='ocrx_word' id='word_1_221' title='bbox 118 2555 201 2624; x_wconf 78' lang='grc' dir='ltr'><strong><em>οδδέν,</em></strong></span> <span class='ocrx_word' id='word_1_222' title='bbox 221 2553 286 2612; x_wconf 82' lang='grc' dir='ltr'><strong><em>άλλά</em></strong></span> <span class='ocrx_word' id='word_1_223' title='bbox 300 2579 383 2630; x_wconf 83' lang='grc' dir='ltr'><strong><em>σφεας</em></strong></span> <span class='ocrx_word' id='word_1_224' title='bbox 395 2556 441 2626; x_wconf 73' lang='grc' dir='ltr'><strong><em>τῆς</em></strong></span> <span class='ocrx_word' id='word_1_225' title='bbox 450 2560 562 2626; x_wconf 77' lang='grc' dir='ltr'><strong><em>Κισσίης</em></strong></span> <span class='ocrx_word' id='word_1_226' title='bbox 573 2554 659 2632; x_wconf 85' lang='grc' dir='ltr'><strong><em>χώρης</em></strong></span> <span class='ocrx_word' id='word_1_227' title='bbox 671 2561 800 2616; x_wconf 74' lang='grc' dir='ltr'><strong><em>κατοίκισε</em></strong></span> <span class='ocrx_word' id='word_1_228' title='bbox 813 2563 838 2614; x_wconf 70' lang='lat'><strong><em>6</em></strong></span> 
     </span>
     <span class='ocr_line' id='line_1_30' title="bbox 45 2636 839 2718; baseline 0.005 -23"><span class='ocrx_word' id='word_1_229' title='bbox 45 2641 159 2718; x_wconf 80' lang='grc' dir='ltr'><strong><em>σταθμῷ</em></strong></span> <span class='ocrx_word' id='word_1_230' title='bbox 176 2639 271 2697; x_wconf 68' lang='grc' dir='ltr'><strong><em>ἑωυτοῦ</em></strong></span> <span class='ocrx_word' id='word_1_231' title='bbox 291 2640 328 2714; x_wconf 77' lang='grc' dir='ltr'><strong><em>τῷ</em></strong></span> <span class='ocrx_word' id='word_1_232' title='bbox 351 2636 449 2713; x_wconf 76' lang='grc' dir='ltr'><strong><em>οδνομά</em></strong></span> <span class='ocrx_word' id='word_1_233' title='bbox 472 2643 526 2696; x_wconf 85' lang='grc' dir='ltr'><strong><em>ἐστι</em></strong></span> <span class='ocrx_word' id='word_1_234' title='bbox 541 2636 697 2716; x_wconf 74' lang='grc' dir='ltr'><strong><em>Ἀρδέρικκα,</em></strong></span> <span class='ocrx_word' id='word_1_235' title='bbox 720 2638 774 2698; x_wconf 81' lang='grc' dir='ltr'><strong><em>άπὸ</em></strong></span> <span class='ocrx_word' id='word_1_236' title='bbox 793 2643 839 2714; x_wconf 75' lang='grc' dir='ltr'><strong><em>μέν</em></strong></span> 
     </span>
    </p>
   </div>
   <div class='ocr_carea' id='block_1_4' title="bbox 0 0 1020 2922">
    <p class='ocr_par' dir='ltr' id='par_1_6' title="bbox 0 0 1020 2922">
     <span class='ocr_line' id='line_1_31' title="bbox 0 0 1020 2922; baseline 0 0"><span class='ocrx_word' id='word_1_237' title='bbox 0 0 1020 2922; x_wconf 95' lang='lat' dir='ltr'><strong><em> </em></strong></span> 
     </span>
    </p>
   </div>
  </div>
 </body>
</html>
