1950 2924
257 235 329 278 ιιιιι
351 232 401 278 1x
431 233 509 277 σεε.
530 215 675 278 ιε-ὲιέ.
813 233 861 284 213

0 322 10 340 ’
65 338 135 398 ὥστε
141 335 248 424 ἐκράτεε
260 337 291 412 τῇ
304 333 405 413 γνώμη·
426 333 458 394 τό
475 334 528 412 γάρ
545 333 640 412 κράτος
657 331 765 409 εἶχετῆς
779 363 860 416 στρυ-

64 423 120 522 τιν’ρς
134 425 209 487 ουτος
222 428 248 480 ἐκ
262 421 392 494 βασιλέος,
410 416 466 475 ἄλλ’
480 417 530 476 οἰκ
540 417 653 495 ὀιΑρτάβ
656 425 704 487 ζος.
730 443 861 498 μεταπεμ-

9 561 12 577 ‚
63 503 202 612 φάμενος
200 507 237 562 ὠν
254 501 315 570 τοὺς
332 501 488 578 ταξιάρχους
506 502 557 558 τών
573 506 663 560 τελέων
680 505 723 559 καί
736 505 788 560 τών
804 502 860 579 μετ’
873 549 875 557 .

64 589 162 646 ἑωυτοῦ
176 585 268 645 ἐόντων
278 583 400 657 Ἐλλήνων
417 583 477 650 τοὺς
496 583 668 661 στρατηγοὺς,
691 583 785 662 εἰρώτα
803 592 830 644 εἰ
839 611 863 644 τι

65 672 153 728 εἰδεῖεν
171 668 259 745 λόχιον
279 671 339 745 περὶ
356 672 480 745 Περσέων
501 666 534 733 ὦς
552 669 761 743 διαφθερέονται
783 675 810 725 ἐν
830 669 863 744 τῇ

60 751 168 811 Ἑλλάδι.
195 749 325 828 σιγώντων
343 754 372 810 δέ
388 753 439 809 τῶν
453 747 597 821 ἐπικλήτων,
611 750 663 807 τών
675 754 721 825 μέν
736 747 782 807 οἰικ
794 749 862 808 εἰδό-

63 857 115 893 των
127 833 188 901 τοὺς
198 833 343 912 χρησμοὺς,
364 835 415 892 τών
429 837 456 892 δέ
468 831 573 892 εἰδότων
584 837 642 908 μέν,
666 839 693 889 ἐν
707 831 779 909 εἰδείη
794 835 822 892 δέ
833 829 865 890 οὗ

62 921 221 991 ποιευμένων
239 917 270 976 τὸ
291 922 383 993 λέγειν,
411 915 489 982 αἰετός
512 914 666 992 Μαρδόνιος
688 917 768 991 ἐλεχε·
794 913 865 973 Επεὶ

1 1006 12 1079 s
62 1003 150 1057 τοίνυν
163 997 233 1081 ὑμεῖς
246 998 263 1068 η’
277 1005 333 1057 ἰστε
346 997 449 1058 ουδεν
431 1024 448 1070 η
463 1023 494 1057 ου
482 997 616 1098 ’τολμᾶτε
626 1002 720 1098 λέχειν,
743 995 797 1054 ἇλλ
812 995 863 1073 ἐμώ

11 1133 12 1140 ,
62 1085 125 1158 ἐρέω
146 1078 180 1145 ὦς
201 1081 231 1137 εὖ
253 1079 428 1156 ἐπιστάμενος.
463 1085 518 1140 ἐστι
537 1079 666 1156 λόγιον
647 1104 682 1146 ως
701 1077 786 1156 χρεών
809 1086 864 1138 ἐστι

1 1164 12 1186 ”
62 1167 173 1239 Πέρσας
187 1160 356 1236 ἀπικομένους
372 1168 397 1228 ἐς
414 1185 473 1237 την
469 1161 576 1220 Ἐλλάδα
595 1160 787 1238 διαρπάσαι
760 1185 791 1220 το
807 1161 864 1238 ῖρὸν

1 1237 11 1329 ’4
60 1245 94 1305 τὸ
108 1252 134 1304 ἐν
143 1249 276 1318 Δελφοῖσι,
284 1242 349 1320 μετά
364 1247 392 1302 δέ
405 1242 451 1316 τὴν
465 1228 612 1322 διαρπαγὴν
623 1243 780 1304 ’ἀπολέσθαι
792 1215 862 1302 πάν-

6 1338 11 1347 ’
60 1351 119 1394 τας.
146 1326 218 1402 ἡμεῖς
231 1331 316 1386 τοίνυν
331 1323 396 1385 αἰιτὸ
410 1327 488 1386 τοότο
500 1327 666 1402 ἐπιστάμενοι
678 1324 738 1386 οιίτε
752 1331 808 1404 ἴμεν
821 1329 864 1384 ἐπί

4 1415 12 1424 ”
59 1410 94 1472 τὸ
110 1408 167 1486 ἱρόν
179 1409 270 1478 τοῦτο,
294 1407 353 1468 οδτε
370 1409 563 1487 ἐπιχειρήσομεν
582 1407 745 1487 διαρπάζειν,
767 1408 863 1480 ταότης

58 1517 90 1552 τε
106 1496 188 1550 εἵνεκα
201 1492 245 1562 τῆς
260 1493 341 1565 αἰτίης
355 1489 401 1552 οἰικ
415 1491 594 1570 ἀπολεόμεθα.
621 1492 689 1552 ὥστε
706 1493 789 1568 δμέών
802 1491 864 1552 ὅσοι

1 1577 9 1586 ”
58 1572 221 1652 τυγχάνουσι
233 1571 318 1634 εώνοοι
330 1573 413 1643 ἐόντες
426 1582 559 1653 Πέρσησι,
576 1575 678 1650 ἥδεσθε
690 1577 765 1654 τοῖνδε
778 1579 869 1636 εῖνεκα

2 1659 10 1686 ”
57 1659 98 1726 ὧς
120 1662 314 1736 περιεσομένους
334 1657 413 1734 ἡμέας
432 1659 561 1733 Ἑλλήνων.
606 1660 696 1720 Ταῦτά
719 1685 767 1736 σφι
787 1665 863 1725 εἴποις

59 1739 170 1818 δεότερα
188 1739 297 1814 ἐσήμηνε
314 1747 518 1850 παρρρτέεσθτῤ
534 1769 561 1804 τε
579 1743 668 1802 πάντα
686 1747 730 1802 καὶ
746 1742 863 1819 εὐκρινέα

5 1844 9 1853 ’
57 1824 236 1884 ποιέεσθαι
219 1847 253 1889 ως
268 1823 322 1899 ἅμα
335 1824 414 1902 ἡμέρη
428 1827 459 1902 τῇ
475 1826 584 1904 ἐπιοόση
596 1828 746 1936 συμβρλῖης’
733 1831 862 1899 εσομένης.

4 1907 11 1926 ι

125 1930 167 1979 43.
191 1922 291 1982 Τοῧτον
308 1919 366 1977 δ”’
351 1945 430 1993 εχιιχε
447 1922 494 1976 τὸν
509 1922 630 1994 χρησμὸν
646 1915 693 1976 τόν
707 1919 863 1998 Μαρδόνιος

57 2001 119 2066 εἰπε
131 2010 155 2069 ἐς
168 2007 277 2080 Πέρσας
291 2002 367 2074 ἐχειν,
386 2006 411 2065 ἐς
420 1997 557 2075 Ἰλλυριούς
573 2024 601 2057 τε
614 1999 718 2060 κοῖτον
727 1999 863 2078 Ἐχχέλεων

58 2084 177 2164 στρατόν
196 2084 255 2145 οῖδα
273 2085 456 2160 πεποιημένον,
478 2081 533 2140 ἄλλ’
551 2080 598 2142 οὖν
615 2089 640 2150 ἐς
654 2088 769 2188 Πέρσας.
798 2083 862 2143 ἀλλὰ

5 2167 9 2256 ἶ
54 2197 95 2231 τα
109 2192 155 2246 μεν
167 2171 266 2228 Βακιδι“
273 2192 298 2234 ες
312 2189 408 2238 ταυτην
420 2188 467 2240 την
477 2160 568 2242 μάχην
574 2171 743 2242 πεποιημένα,

125 2287 179 2354 την
189 2266 211 2319 δ
224 2267 268 2318 ἐπί
281 2263 447 2350 Θερμώδοντι
458 2287 501 2317 και
494 2265 616 2318 Ἀσωπιλ
625 2265 747 2352 λεχεποίη

125 2333 201 2386 EM'
179 2354 254 2402 ,ηνων
263 2333 372 2386 σύνοδον
382 2355 424 2384 και
418 2319 673 2422 βαρβαρόφωνον’
653 2333 737 2416 ιδχην,

130 2422 162 2473 τη
150 2367 268 2454 ’πόλλοί
279 2403 416 2453 πεσέονται
410 2403 491 2484 ὑπὲρ
501 2402 615 2488 Λάχεσίν
625 2421 651 2454 τε
661 2401 744 2470 μόρον
752 2417 781 2452 τε

129 2455 278 2540 τόξοφόρων
286 2467 422 2536 Μήδοιυ,”
408 2490 472 2522 οταν
481 2471 584 2573 αι’σιμον
595 2489 710 2539 ημαρπ
677 2470 710 2521 ἐπ
712 2470 787 2540 ἔλθη,

53 2579 145 2619 ταυτα
171 2559 217 2632 μέν
241 2557 286 2613 καί
306 2553 478 2632 παραπλησια
500 2553 616 2616 τοώτοισι
638 2553 702 2615 άλλα
724 2559 858 2630 Μουσαίῳ

54 2645 153 2716 ἔχοντα
171 2635 232 2698 οῖδα
249 2644 274 2704 ἐς
287 2643 403 2716 Πέρσας.
431 2637 446 2698 6
464 2641 502 2696 δέΙ
514 2638 655 2717 Θερμώδων
672 2637 790 2718 ποταμὸς
808 2643 859 2718 ῥέει

55 2719 158 2803 μεταξὺ
175 2719 311 2802 Τανάχρης
324 2738 352 2782 τε
365 2724 409 2782 καί
422 2727 571 2790 Γλίσαντος.
