<?xml version="1.0" encoding="UTF-8"?>
<!DOCTYPE html PUBLIC "-//W3C//DTD XHTML 1.0 Transitional//EN"
    "http://www.w3.org/TR/xhtml1/DTD/xhtml1-transitional.dtd">
<html xmlns="http://www.w3.org/1999/xhtml" xml:lang="en" lang="en">
 <head>
  <title>
</title>
<meta http-equiv="Content-Type" content="text/html;charset=utf-8" />
  <meta name='ocr-system' content='tesseract 3.04.00' />
  <meta name='ocr-capabilities' content='ocr_page ocr_carea ocr_par ocr_line ocrx_word'/>
</head>
<body>
  <div class='ocr_page' id='page_1' title='image "./herodotihistori08herogoog_0293.png"; bbox 0 0 2014 3030; ppageno 0'>
   <div class='ocr_carea' id='block_1_1' title="bbox 165 97 668 154">
    <p class='ocr_par' dir='ltr' id='par_1_1' title="bbox 165 97 668 154">
     <span class='ocr_line' id='line_1_1' title="bbox 165 97 668 154; baseline -0.004 -10"><span class='ocrx_word' id='word_1_1' title='bbox 165 102 214 154; x_wconf 59' lang='grc' dir='ltr'><strong><em>ιιι</em></strong></span> <span class='ocrx_word' id='word_1_2' title='bbox 465 97 668 144; x_wconf 75' lang='grc' dir='ltr'><strong><em>ιιειιοιιοτι</em></strong></span> 
     </span>
    </p>
   </div>
   <div class='ocr_carea' id='block_1_2' title="bbox 130 195 974 2664">
    <p class='ocr_par' dir='ltr' id='par_1_2' title="bbox 130 195 972 1924">
     <span class='ocr_line' id='line_1_2' title="bbox 165 195 971 278; baseline -0.012 -10"><span class='ocrx_word' id='word_1_3' title='bbox 165 217 234 270; x_wconf 82' lang='grc' dir='ltr'><strong><em>τοῖσι</em></strong></span> <span class='ocrx_word' id='word_1_4' title='bbox 254 203 354 278; x_wconf 74' lang='grc' dir='ltr'><strong><em>ἥκουσι.</em></strong></span> <span class='ocrx_word' id='word_1_5' title='bbox 384 199 470 278; x_wconf 75' lang='grc' dir='ltr'><strong><em>λαβὼν</em></strong></span> <span class='ocrx_word' id='word_1_6' title='bbox 487 205 514 260; x_wconf 82' lang='grc' dir='ltr'><strong><em>δέ</em></strong></span> <span class='ocrx_word' id='word_1_7' title='bbox 530 200 561 260; x_wconf 89' lang='grc' dir='ltr'><strong><em>τό</em></strong></span> <span class='ocrx_word' id='word_1_8' title='bbox 579 197 638 276; x_wconf 75' lang='grc' dir='ltr'><strong><em>εἷμα</em></strong></span> <span class='ocrx_word' id='word_1_9' title='bbox 655 196 686 260; x_wconf 89' lang='grc' dir='ltr'><strong><em>τό</em></strong></span> <span class='ocrx_word' id='word_1_10' title='bbox 704 195 854 276; x_wconf 72' lang='grc' dir='ltr'><strong><em>πορφύρεον</em></strong></span> <span class='ocrx_word' id='word_1_11' title='bbox 870 199 971 275; x_wconf 78' lang='grc' dir='ltr'><strong><em>εἰρώτα</em></strong></span> 
     </span>
     <span class='ocr_line' id='line_1_3' title="bbox 166 280 969 360; baseline -0.01 -10"><span class='ocrx_word' id='word_1_12' title='bbox 166 291 181 350; x_wconf 84' lang='grc' dir='ltr'><strong><em>ό</em></strong></span> <span class='ocrx_word' id='word_1_13' title='bbox 195 315 218 349; x_wconf 92' lang='grc' dir='ltr'><strong><em>τι</em></strong></span> <span class='ocrx_word' id='word_1_14' title='bbox 231 295 269 360; x_wconf 74' lang='grc' dir='ltr'><strong><em>εἴη</em></strong></span> <span class='ocrx_word' id='word_1_15' title='bbox 283 290 326 346; x_wconf 83' lang='grc' dir='ltr'><strong><em>καὶ</em></strong></span> <span class='ocrx_word' id='word_1_16' title='bbox 341 285 405 352; x_wconf 85' lang='grc' dir='ltr'><strong><em>όκως</em></strong></span> <span class='ocrx_word' id='word_1_17' title='bbox 416 289 595 360; x_wconf 77' lang='grc' dir='ltr'><strong><em>πεποιημένον</em></strong></span> <span class='ocrx_word' id='word_1_18' title='bbox 617 281 743 342; x_wconf 76' lang='grc' dir='ltr'><strong><em>εἰπόντων</em></strong></span> <span class='ocrx_word' id='word_1_19' title='bbox 755 283 829 340; x_wconf 85' lang='grc' dir='ltr'><strong><em>δέ</em></strong></span> <span class='ocrx_word' id='word_1_20' title='bbox 796 303 846 339; x_wconf 89' lang='grc' dir='ltr'><strong><em>των</em></strong></span> <span class='ocrx_word' id='word_1_21' title='bbox 854 280 969 354; x_wconf 62' lang='grc' dir='ltr'><strong><em>&gt;ιΙηθυο</em></strong></span> 
     </span>
     <span class='ocr_line' id='line_1_4' title="bbox 166 363 972 466; baseline -0.014 -34"><span class='ocrx_word' id='word_1_22' title='bbox 166 371 257 449; x_wconf 85' lang='grc' dir='ltr'><strong><em>φάγων</em></strong></span> <span class='ocrx_word' id='word_1_23' title='bbox 271 369 317 442; x_wconf 79' lang='grc' dir='ltr'><strong><em>τὴν</em></strong></span> <span class='ocrx_word' id='word_1_24' title='bbox 331 367 460 441; x_wconf 74' lang='grc' dir='ltr'><strong><em>ἇληθηὶην</em></strong></span> <span class='ocrx_word' id='word_1_25' title='bbox 473 369 532 466; x_wconf 72' lang='grc' dir='ltr'><strong><em>περὶ</em></strong></span> <span class='ocrx_word' id='word_1_26' title='bbox 545 367 589 437; x_wconf 75' lang='grc' dir='ltr'><strong><em>τῆς</em></strong></span> <span class='ocrx_word' id='word_1_27' title='bbox 602 363 737 442; x_wconf 85' lang='grc' dir='ltr'><strong><em>πορφόρης</em></strong></span> <span class='ocrx_word' id='word_1_28' title='bbox 755 367 799 422; x_wconf 78' lang='grc' dir='ltr'><strong><em>καὶ</em></strong></span> <span class='ocrx_word' id='word_1_29' title='bbox 812 389 856 435; x_wconf 85' lang='grc' dir='ltr'><strong><em>της</em></strong></span> <span class='ocrx_word' id='word_1_30' title='bbox 870 365 972 438; x_wconf 74' lang='grc' dir='ltr'><strong><em>βαφῆς,</em></strong></span> 
     </span>
     <span class='ocr_line' id='line_1_5' title="bbox 167 445 969 554; baseline -0.014 -40"><span class='ocrx_word' id='word_1_31' title='bbox 167 452 288 530; x_wconf 83' lang='grc' dir='ltr'><strong><em>δολερους</em></strong></span> <span class='ocrx_word' id='word_1_32' title='bbox 298 457 346 554; x_wconf 87' lang='grc' dir='ltr'><strong><em>μέν</em></strong></span> <span class='ocrx_word' id='word_1_33' title='bbox 357 451 416 516; x_wconf 76' lang='grc' dir='ltr'><strong><em>τοὺς</em></strong></span> <span class='ocrx_word' id='word_1_34' title='bbox 431 449 619 526; x_wconf 80' lang='grc' dir='ltr'><strong><em>άνθρώπους”</em></strong></span> <span class='ocrx_word' id='word_1_35' title='bbox 604 473 652 521; x_wconf 84' lang='grc' dir='ltr'><strong><em>εφη</em></strong></span> <span class='ocrx_word' id='word_1_36' title='bbox 666 457 743 514; x_wconf 80' lang='grc' dir='ltr'><strong><em>εἰναι,</em></strong></span> <span class='ocrx_word' id='word_1_37' title='bbox 767 445 859 524; x_wconf 80' lang='grc' dir='ltr'><strong><em>δολερὰ</em></strong></span> <span class='ocrx_word' id='word_1_38' title='bbox 873 447 951 504; x_wconf 79' lang='grc' dir='ltr'><strong><em>δέ’</em></strong></span> <span class='ocrx_word' id='word_1_39' title='bbox 917 473 969 506; x_wconf 87' lang='grc' dir='ltr'><strong><em>αυ-</em></strong></span> 
     </span>
     <span class='ocr_line' id='line_1_6' title="bbox 167 527 972 637; baseline -0.011 -41"><span class='ocrx_word' id='word_1_40' title='bbox 167 539 217 596; x_wconf 78' lang='grc' dir='ltr'><strong><em>τῶν</em></strong></span> <span class='ocrx_word' id='word_1_41' title='bbox 231 533 263 594; x_wconf 84' lang='grc' dir='ltr'><strong><em>τά</em></strong></span> <span class='ocrx_word' id='word_1_42' title='bbox 276 539 376 610; x_wconf 79' lang='grc' dir='ltr'><strong><em>εἵματα.</em></strong></span> <span class='ocrx_word' id='word_1_43' title='bbox 395 531 523 637; x_wconf 85' lang='grc' dir='ltr'><strong><em>δεότερα</em></strong></span> <span class='ocrx_word' id='word_1_44' title='bbox 512 529 577 588; x_wconf 83' lang='grc' dir='ltr'><strong><em>δέ</em></strong></span> <span class='ocrx_word' id='word_1_45' title='bbox 553 553 598 588; x_wconf 90' lang='grc' dir='ltr'><strong><em>τον</em></strong></span> <span class='ocrx_word' id='word_1_46' title='bbox 608 527 720 616; x_wconf 81' lang='grc' dir='ltr'><strong><em>χρόσεον</em></strong></span> <span class='ocrx_word' id='word_1_47' title='bbox 731 528 824 606; x_wconf 74' lang='grc' dir='ltr'><strong><em>εἰρώτα</em></strong></span> <span class='ocrx_word' id='word_1_48' title='bbox 838 528 972 604; x_wconf 84' lang='grc' dir='ltr'><strong><em>στρεπτὸν</em></strong></span> 
     </span>
     <span class='ocr_line' id='line_1_7' title="bbox 168 611 972 694; baseline -0.01 -16"><span class='ocrx_word' id='word_1_49' title='bbox 168 618 213 678; x_wconf 87' lang='grc' dir='ltr'><strong><em>τόν</em></strong></span> <span class='ocrx_word' id='word_1_50' title='bbox 233 621 410 694; x_wconf 83' lang='grc' dir='ltr'><strong><em>περιαυχένιον</em></strong></span> <span class='ocrx_word' id='word_1_51' title='bbox 430 617 473 671; x_wconf 75' lang='grc' dir='ltr'><strong><em>καὶ</em></strong></span> <span class='ocrx_word' id='word_1_52' title='bbox 495 611 529 671; x_wconf 87' lang='grc' dir='ltr'><strong><em>τά</em></strong></span> <span class='ocrx_word' id='word_1_53' title='bbox 549 617 643 689; x_wconf 81' lang='grc' dir='ltr'><strong><em>ψέλια·</em></strong></span> <span class='ocrx_word' id='word_1_54' title='bbox 664 612 843 687; x_wconf 71' lang='grc' dir='ltr'><strong><em>ἐξηγεομενων</em></strong></span> <span class='ocrx_word' id='word_1_55' title='bbox 864 613 893 670; x_wconf 85' lang='grc' dir='ltr'><strong><em>δέ</em></strong></span> <span class='ocrx_word' id='word_1_56' title='bbox 917 615 972 672; x_wconf 81' lang='grc' dir='ltr'><strong><em>τῶν</em></strong></span> 
     </span>
     <span class='ocr_line' id='line_1_8' title="bbox 166 693 972 773; baseline -0.009 -13.965"><span class='ocrx_word' id='word_1_57' title='bbox 166 697 349 773; x_wconf 82' lang='grc' dir='ltr'><strong><em>Ἰχθυοφάγων</em></strong></span> <span class='ocrx_word' id='word_1_58' title='bbox 366 695 411 755; x_wconf 86' lang='grc' dir='ltr'><strong><em>τὸν</em></strong></span> <span class='ocrx_word' id='word_1_59' title='bbox 429 695 527 771; x_wconf 81' lang='grc' dir='ltr'><strong><em>κόσμον</em></strong></span> <span class='ocrx_word' id='word_1_60' title='bbox 550 693 647 762; x_wconf 83' lang='grc' dir='ltr'><strong><em>αυτῶν,</em></strong></span> <span class='ocrx_word' id='word_1_61' title='bbox 671 693 821 770; x_wconf 90' lang='grc' dir='ltr'><strong><em>γελάσας</em></strong></span> <span class='ocrx_word' id='word_1_62' title='bbox 809 719 824 752; x_wconf 96' lang='grc' dir='ltr'><strong><em>ο</em></strong></span> <span class='ocrx_word' id='word_1_63' title='bbox 847 694 972 768; x_wconf 73' lang='grc' dir='ltr'><strong><em>βασιλεὺς</em></strong></span> 
     </span>
     <span class='ocr_line' id='line_1_9' title="bbox 168 774 972 854; baseline -0.006 -15"><span class='ocrx_word' id='word_1_64' title='bbox 168 785 211 840; x_wconf 74' lang='grc' dir='ltr'><strong><em>καὶ</em></strong></span> <span class='ocrx_word' id='word_1_65' title='bbox 233 784 341 854; x_wconf 80' lang='grc' dir='ltr'><strong><em>νομλσας</em></strong></span> <span class='ocrx_word' id='word_1_66' title='bbox 364 777 430 836; x_wconf 80' lang='grc' dir='ltr'><strong><em>εἶναι’</em></strong></span> <span class='ocrx_word' id='word_1_67' title='bbox 451 801 521 851; x_wconf 87' lang='grc' dir='ltr'><strong><em>σφεα</em></strong></span> <span class='ocrx_word' id='word_1_68' title='bbox 542 774 667 842; x_wconf 80' lang='grc' dir='ltr'><strong><em>πέδας</em></strong></span> <span class='ocrx_word' id='word_1_69' title='bbox 642 799 697 834; x_wconf 85' lang='grc' dir='ltr'><strong><em>ειπε</em></strong></span> <span class='ocrx_word' id='word_1_70' title='bbox 715 775 749 842; x_wconf 77' lang='grc' dir='ltr'><strong><em>ὥς</em></strong></span> <span class='ocrx_word' id='word_1_71' title='bbox 766 800 822 852; x_wconf 91' lang='grc' dir='ltr'><strong><em>παρ</em></strong></span> <span class='ocrx_word' id='word_1_72' title='bbox 847 781 972 836; x_wconf 79' lang='grc' dir='ltr'><strong><em>ἑωυτοῖσέ</em></strong></span> 
     </span>
     <span class='ocr_line' id='line_1_10' title="bbox 167 857 970 938; baseline -0.004 -17"><span class='ocrx_word' id='word_1_73' title='bbox 167 866 217 921; x_wconf 73' lang='grc' dir='ltr'><strong><em>εἶσι</em></strong></span> <span class='ocrx_word' id='word_1_74' title='bbox 237 859 431 938; x_wconf 83' lang='grc' dir='ltr'><strong><em>ῥωμαλεωτερσι</em></strong></span> <span class='ocrx_word' id='word_1_75' title='bbox 453 859 549 917; x_wconf 77' lang='grc' dir='ltr'><strong><em>τούτων</em></strong></span> <span class='ocrx_word' id='word_1_76' title='bbox 566 862 650 916; x_wconf 80' lang='grc' dir='ltr'><strong><em>πέδαι.</em></strong></span> <span class='ocrx_word' id='word_1_77' title='bbox 676 863 762 934; x_wconf 72' lang='grc' dir='ltr'><strong><em>τρίτον</em></strong></span> <span class='ocrx_word' id='word_1_78' title='bbox 780 859 845 916; x_wconf 68' lang='grc' dir='ltr'><strong><em>δὲ’</em></strong></span> <span class='ocrx_word' id='word_1_79' title='bbox 823 857 918 934; x_wconf 85' lang='grc' dir='ltr'><strong><em>ειριότα</em></strong></span> <span class='ocrx_word' id='word_1_80' title='bbox 937 859 970 918; x_wconf 84' lang='grc' dir='ltr'><strong><em>τό</em></strong></span> 
     </span>
     <span class='ocr_line' id='line_1_11' title="bbox 165 939 969 1047; baseline -0.005 -44"><span class='ocrx_word' id='word_1_81' title='bbox 165 945 258 1045; x_wconf 78' lang='grc' dir='ltr'><strong><em>μόρρν·</em></strong></span> <span class='ocrx_word' id='word_1_82' title='bbox 286 941 411 1000; x_wconf 81' lang='grc' dir='ltr'><strong><em>εἰπόντων</em></strong></span> <span class='ocrx_word' id='word_1_83' title='bbox 425 943 494 998; x_wconf 83' lang='grc' dir='ltr'><strong><em>δέ</em></strong></span> <span class='ocrx_word' id='word_1_84' title='bbox 464 965 509 1013; x_wconf 87' lang='grc' dir='ltr'><strong><em>της</em></strong></span> <span class='ocrx_word' id='word_1_85' title='bbox 518 965 641 1047; x_wconf 76' lang='grc' dir='ltr'><strong><em>ποιησιρς</em></strong></span> <span class='ocrx_word' id='word_1_86' title='bbox 653 945 711 1016; x_wconf 85' lang='grc' dir='ltr'><strong><em>πέρι</em></strong></span> <span class='ocrx_word' id='word_1_87' title='bbox 723 965 768 998; x_wconf 89' lang='grc' dir='ltr'><strong><em>και</em></strong></span> <span class='ocrx_word' id='word_1_88' title='bbox 759 939 835 999; x_wconf 82' lang='grc' dir='ltr'><strong><em>άλελ</em></strong></span> <span class='ocrx_word' id='word_1_89' title='bbox 834 960 901 1017; x_wconf 80' lang='grc' dir='ltr'><strong><em>ψιος,</em></strong></span> <span class='ocrx_word' id='word_1_90' title='bbox 921 941 969 999; x_wconf 85' lang='grc' dir='ltr'><strong><em>τόν</em></strong></span> 
     </span>
     <span class='ocr_line' id='line_1_12' title="bbox 130 1019 969 1130; baseline -0.007 -44"><span class='ocrx_word' id='word_1_91' title='bbox 130 1029 134 1036; x_wconf 66' lang='grc'><strong>“</strong></span> <span class='ocrx_word' id='word_1_92' title='bbox 169 1024 248 1086; x_wconf 77' lang='grc' dir='ltr'><strong><em>αι’πόν</em></strong></span> <span class='ocrx_word' id='word_1_93' title='bbox 261 1023 339 1130; x_wconf 82' lang='grc' dir='ltr'><strong><em>λόγον</em></strong></span> <span class='ocrx_word' id='word_1_94' title='bbox 353 1021 398 1084; x_wconf 85' lang='grc' dir='ltr'><strong><em>τόν</em></strong></span> <span class='ocrx_word' id='word_1_95' title='bbox 412 1026 528 1100; x_wconf 75' lang='grc' dir='ltr'><strong><em>καὶπερὶ</em></strong></span> <span class='ocrx_word' id='word_1_96' title='bbox 540 1049 587 1083; x_wconf 89' lang='grc' dir='ltr'><strong><em>του</em></strong></span> <span class='ocrx_word' id='word_1_97' title='bbox 600 1027 703 1099; x_wconf 75' lang='grc' dir='ltr'><strong><em>εἵματος</em></strong></span> <span class='ocrx_word' id='word_1_98' title='bbox 715 1019 776 1082; x_wconf 80' lang='grc' dir='ltr'><strong><em>εἷπε.</em></strong></span> <span class='ocrx_word' id='word_1_99' title='bbox 796 1023 829 1090; x_wconf 81' lang='grc' dir='ltr'><strong><em>ὡς</em></strong></span> <span class='ocrx_word' id='word_1_100' title='bbox 841 1025 894 1080; x_wconf 77' lang='grc' dir='ltr'><strong><em>δέ’</em></strong></span> <span class='ocrx_word' id='word_1_101' title='bbox 880 1046 905 1088; x_wconf 84' lang='grc' dir='ltr'><strong><em>ες</em></strong></span> <span class='ocrx_word' id='word_1_102' title='bbox 919 1023 969 1082; x_wconf 82' lang='grc' dir='ltr'><strong><em>τόν</em></strong></span> 
     </span>
     <span class='ocr_line' id='line_1_13' title="bbox 169 1103 965 1181; baseline -0.005 -13"><span class='ocrx_word' id='word_1_103' title='bbox 169 1107 239 1168; x_wconf 74' lang='grc' dir='ltr'><strong><em>αἶνον</em></strong></span> <span class='ocrx_word' id='word_1_104' title='bbox 257 1105 360 1166; x_wconf 80' lang='grc' dir='ltr'><strong><em>ἆπίκετο</em></strong></span> <span class='ocrx_word' id='word_1_105' title='bbox 377 1109 421 1164; x_wconf 92' lang='grc' dir='ltr'><strong><em>και</em></strong></span> <span class='ocrx_word' id='word_1_106' title='bbox 439 1106 553 1166; x_wconf 72' lang='grc' dir='ltr'><strong><em>ἐπέθετο</em></strong></span> <span class='ocrx_word' id='word_1_107' title='bbox 573 1105 654 1166; x_wconf 84' lang='grc' dir='ltr'><strong><em>αυτοῦ</em></strong></span> <span class='ocrx_word' id='word_1_108' title='bbox 671 1104 717 1178; x_wconf 77' lang='grc' dir='ltr'><strong><em>τὴν</em></strong></span> <span class='ocrx_word' id='word_1_109' title='bbox 729 1110 846 1178; x_wconf 77' lang='grc' dir='ltr'><strong><em>ποίησιν,</em></strong></span> <span class='ocrx_word' id='word_1_110' title='bbox 866 1103 965 1181; x_wconf 75' lang='grc' dir='ltr'><strong><em>ὗπερη-</em></strong></span> 
     </span>
     <span class='ocr_line' id='line_1_14' title="bbox 170 1187 970 1266; baseline -0.005 -16"><span class='ocrx_word' id='word_1_111' title='bbox 170 1193 247 1256; x_wconf 81' lang='grc' dir='ltr'><strong><em>σθελς</em></strong></span> <span class='ocrx_word' id='word_1_112' title='bbox 265 1191 300 1266; x_wconf 76' lang='grc' dir='ltr'><strong><em>τῷ</em></strong></span> <span class='ocrx_word' id='word_1_113' title='bbox 317 1188 415 1264; x_wconf 87' lang='grc' dir='ltr'><strong><em>πόματι</em></strong></span> <span class='ocrx_word' id='word_1_114' title='bbox 432 1194 555 1266; x_wconf 73' lang='grc' dir='ltr'><strong><em>ἐπείρετο,</em></strong></span> <span class='ocrx_word' id='word_1_115' title='bbox 584 1187 599 1248; x_wconf 85' lang='grc' dir='ltr'><strong><em>ό</em></strong></span> <span class='ocrx_word' id='word_1_116' title='bbox 616 1214 639 1246; x_wconf 91' lang='grc' dir='ltr'><strong><em>τι</em></strong></span> <span class='ocrx_word' id='word_1_117' title='bbox 657 1213 684 1248; x_wconf 87' lang='grc' dir='ltr'><strong><em>τε</em></strong></span> <span class='ocrx_word' id='word_1_118' title='bbox 698 1193 807 1247; x_wconf 77' lang='grc' dir='ltr'><strong><em>σιτέεται</em></strong></span> <span class='ocrx_word' id='word_1_119' title='bbox 819 1187 834 1248; x_wconf 82' lang='grc' dir='ltr'><em>ὃ</em></span> <span class='ocrx_word' id='word_1_120' title='bbox 848 1187 970 1262; x_wconf 76' lang='grc' dir='ltr'><strong><em>βασιλεὺς</em></strong></span> 
     </span>
     <span class='ocr_line' id='line_1_15' title="bbox 170 1269 972 1348; baseline -0.002 -18"><span class='ocrx_word' id='word_1_121' title='bbox 170 1278 213 1332; x_wconf 71' lang='grc' dir='ltr'><strong><em>καὶ</em></strong></span> <span class='ocrx_word' id='word_1_122' title='bbox 224 1271 320 1348; x_wconf 86' lang='grc' dir='ltr'><strong><em>χρόνον</em></strong></span> <span class='ocrx_word' id='word_1_123' title='bbox 334 1269 429 1330; x_wconf 81' lang='grc' dir='ltr'><strong><em>ὁκόσον</em></strong></span> <span class='ocrx_word' id='word_1_124' title='bbox 440 1270 605 1348; x_wconf 87' lang='grc' dir='ltr'><strong><em>μακρότατον</em></strong></span> <span class='ocrx_word' id='word_1_125' title='bbox 620 1269 684 1347; x_wconf 74' lang='grc' dir='ltr'><strong><em>ἇνέηρ</em></strong></span> <span class='ocrx_word' id='word_1_126' title='bbox 698 1276 802 1348; x_wconf 77' lang='grc' dir='ltr'><strong><em>Πέρσης</em></strong></span> <span class='ocrx_word' id='word_1_127' title='bbox 816 1269 878 1338; x_wconf 83' lang='grc' dir='ltr'><strong><em>ζιόει.</em></strong></span> <span class='ocrx_word' id='word_1_128' title='bbox 902 1273 930 1329; x_wconf 79' lang='grc' dir='ltr'><strong><em>οἷ</em></strong></span> <span class='ocrx_word' id='word_1_129' title='bbox 944 1274 972 1328; x_wconf 82' lang='grc' dir='ltr'><strong><em>δὲ</em></strong></span> 
     </span>
     <span class='ocr_line' id='line_1_16' title="bbox 172 1351 971 1454; baseline -0.005 -40"><span class='ocrx_word' id='word_1_130' title='bbox 172 1361 308 1414; x_wconf 74' lang='grc' dir='ltr'><strong><em>σιτέεσθαι</em></strong></span> <span class='ocrx_word' id='word_1_131' title='bbox 320 1359 366 1431; x_wconf 86' lang='grc' dir='ltr'><strong><em>μὲν</em></strong></span> <span class='ocrx_word' id='word_1_132' title='bbox 379 1353 425 1411; x_wconf 87' lang='grc' dir='ltr'><strong><em>τόν</em></strong></span> <span class='ocrx_word' id='word_1_133' title='bbox 439 1353 518 1430; x_wconf 80' lang='grc' dir='ltr'><strong><em>άρτον</em></strong></span> <span class='ocrx_word' id='word_1_134' title='bbox 530 1353 613 1421; x_wconf 75' lang='grc' dir='ltr'><strong><em>εἶπαν,</em></strong></span> <span class='ocrx_word' id='word_1_135' title='bbox 623 1352 807 1454; x_wconf 65' lang='grc' dir='ltr'><strong><em>ἐξηγησάμενοι</em></strong></span> <span class='ocrx_word' id='word_1_136' title='bbox 820 1355 871 1412; x_wconf 76' lang='grc' dir='ltr'><strong><em>τῶν</em></strong></span> <span class='ocrx_word' id='word_1_137' title='bbox 879 1351 971 1430; x_wconf 81' lang='grc' dir='ltr'><strong><em>πυράν</em></strong></span> 
     </span>
     <span class='ocr_line' id='line_1_17' title="bbox 170 1434 969 1536; baseline 0.001 -43"><span class='ocrx_word' id='word_1_138' title='bbox 170 1460 216 1508; x_wconf 84' lang='grc' dir='ltr'><strong><em>την</em></strong></span> <span class='ocrx_word' id='word_1_139' title='bbox 229 1435 320 1508; x_wconf 72' lang='grc' dir='ltr'><strong><em>φάσιν,</em></strong></span> <span class='ocrx_word' id='word_1_140' title='bbox 343 1434 491 1510; x_wconf 87' lang='grc' dir='ltr'><strong><em>ογδωκοντσ</em></strong></span> <span class='ocrx_word' id='word_1_141' title='bbox 503 1435 562 1492; x_wconf 93' lang='grc' dir='ltr'><strong><em>δ</em></strong></span> <span class='ocrx_word' id='word_1_142' title='bbox 546 1461 603 1493; x_wconf 86' lang='grc' dir='ltr'><strong><em>ειεα</em></strong></span> <span class='ocrx_word' id='word_1_143' title='bbox 618 1435 675 1508; x_wconf 86' lang='grc' dir='ltr'><strong><em>ζόης</em></strong></span> <span class='ocrx_word' id='word_1_144' title='bbox 688 1435 813 1512; x_wconf 83' lang='grc' dir='ltr'><strong><em>πλήρωμα</em></strong></span> <span class='ocrx_word' id='word_1_145' title='bbox 827 1434 903 1512; x_wconf 83' lang='grc' dir='ltr'><strong><em>ανδρὶ</em></strong></span> <span class='ocrx_word' id='word_1_146' title='bbox 917 1461 969 1536; x_wconf 84' lang='grc' dir='ltr'><strong><em>μα-</em></strong></span> 
     </span>
     <span class='ocr_line' id='line_1_18' title="bbox 171 1517 971 1595; baseline -0.004 -19"><span class='ocrx_word' id='word_1_147' title='bbox 171 1517 297 1594; x_wconf 87' lang='grc' dir='ltr'><strong><em>κρότατον</em></strong></span> <span class='ocrx_word' id='word_1_148' title='bbox 310 1521 479 1593; x_wconf 83' lang='grc' dir='ltr'><strong><em>προκέιισθαι.</em></strong></span> <span class='ocrx_word' id='word_1_149' title='bbox 507 1517 574 1593; x_wconf 85' lang='grc' dir='ltr'><strong><em>πρός</em></strong></span> <span class='ocrx_word' id='word_1_150' title='bbox 586 1523 668 1578; x_wconf 77' lang='grc' dir='ltr'><strong><em>ταῦτα</em></strong></span> <span class='ocrx_word' id='word_1_151' title='bbox 683 1544 697 1577; x_wconf 93' lang='grc' dir='ltr'><strong><em>ο</em></strong></span> <span class='ocrx_word' id='word_1_152' title='bbox 687 1518 847 1595; x_wconf 65' lang='grc' dir='ltr'><strong><em>“Αἷθιόψ”</em></strong></span> <span class='ocrx_word' id='word_1_153' title='bbox 832 1543 879 1592; x_wconf 83' lang='grc' dir='ltr'><strong><em>εφη</em></strong></span> <span class='ocrx_word' id='word_1_154' title='bbox 895 1517 971 1578; x_wconf 71' lang='grc' dir='ltr'><strong><em>οὐδὲν</em></strong></span> 
     </span>
     <span class='ocr_line' id='line_1_19' title="bbox 171 1597 970 1678; baseline -0.003 -20"><span class='ocrx_word' id='word_1_155' title='bbox 171 1597 333 1673; x_wconf 83' lang='grc' dir='ltr'><strong><em>θωυμάζειν,</em></strong></span> <span class='ocrx_word' id='word_1_156' title='bbox 360 1599 382 1656; x_wconf 79' lang='grc' dir='ltr'><strong><em>εἰ</em></strong></span> <span class='ocrx_word' id='word_1_157' title='bbox 405 1598 547 1675; x_wconf 86' lang='grc' dir='ltr'><strong><em>σιτεόμενοι</em></strong></span> <span class='ocrx_word' id='word_1_158' title='bbox 569 1599 667 1678; x_wconf 85' lang='grc' dir='ltr'><strong><em>κόπρον</em></strong></span> <span class='ocrx_word' id='word_1_159' title='bbox 689 1603 745 1660; x_wconf 76' lang='grc' dir='ltr'><strong><em>ἔτεα</em></strong></span> <span class='ocrx_word' id='word_1_160' title='bbox 767 1599 841 1678; x_wconf 58' lang='lat' dir='ltr'><strong><em>&amp;Hya</em></strong></span> <span class='ocrx_word' id='word_1_161' title='bbox 861 1599 970 1668; x_wconf 78' lang='grc' dir='ltr'><strong><em>ζώουσι.</em></strong></span> 
     </span>
     <span class='ocr_line' id='line_1_20' title="bbox 172 1677 971 1758; baseline -0.004 -16"><span class='ocrx_word' id='word_1_162' title='bbox 172 1680 230 1742; x_wconf 79' lang='grc' dir='ltr'><strong><em>σόδέ</em></strong></span> <span class='ocrx_word' id='word_1_163' title='bbox 243 1678 295 1756; x_wconf 83' lang='grc' dir='ltr'><strong><em>γάρ</em></strong></span> <span class='ocrx_word' id='word_1_164' title='bbox 311 1677 343 1737; x_wconf 84' lang='grc' dir='ltr'><strong><em>άν</em></strong></span> <span class='ocrx_word' id='word_1_165' title='bbox 357 1682 474 1740; x_wconf 72' lang='grc' dir='ltr'><strong><em>τοσαῦτα</em></strong></span> <span class='ocrx_word' id='word_1_166' title='bbox 489 1681 627 1742; x_wconf 71' lang='grc' dir='ltr'><strong><em>δύνασθαι</em></strong></span> <span class='ocrx_word' id='word_1_167' title='bbox 645 1682 714 1752; x_wconf 82' lang='grc' dir='ltr'><strong><em>ζώειν</em></strong></span> <span class='ocrx_word' id='word_1_168' title='bbox 729 1689 822 1758; x_wconf 86' lang='grc' dir='ltr'><strong><em>σφέας,</em></strong></span> <span class='ocrx_word' id='word_1_169' title='bbox 845 1684 868 1740; x_wconf 81' lang='grc' dir='ltr'><strong><em>εἶ</em></strong></span> <span class='ocrx_word' id='word_1_170' title='bbox 884 1682 922 1758; x_wconf 75' lang='grc' dir='ltr'><strong><em>μὴ</em></strong></span> <span class='ocrx_word' id='word_1_171' title='bbox 936 1684 971 1756; x_wconf 72' lang='grc' dir='ltr'><strong><em>τῷ</em></strong></span> 
     </span>
     <span class='ocr_line' id='line_1_21' title="bbox 170 1761 971 1842; baseline 0 -20"><span class='ocrx_word' id='word_1_172' title='bbox 170 1761 310 1837; x_wconf 85' lang='grc' dir='ltr'><strong><em>πόματι</em></strong></span> <span class='ocrx_word' id='word_1_173' title='bbox 281 1761 374 1820; x_wconf 80' lang='grc' dir='ltr'><strong><em>τῶδε</em></strong></span> <span class='ocrx_word' id='word_1_174' title='bbox 360 1769 491 1840; x_wconf 85' lang='grc' dir='ltr'><strong><em>ανέφερον,</em></strong></span> <span class='ocrx_word' id='word_1_175' title='bbox 509 1763 613 1842; x_wconf 88' lang='grc' dir='ltr'><strong><em>φράζων</em></strong></span> <span class='ocrx_word' id='word_1_176' title='bbox 626 1773 695 1825; x_wconf 83' lang='grc' dir='ltr'><strong><em>τοῖσι</em></strong></span> <span class='ocrx_word' id='word_1_177' title='bbox 705 1764 912 1841; x_wconf 69' lang='grc' dir='ltr'><strong><em>Ἰχθυοφάγοισι</em></strong></span> <span class='ocrx_word' id='word_1_178' title='bbox 925 1764 971 1824; x_wconf 82' lang='grc' dir='ltr'><strong><em>τὸν</em></strong></span> 
     </span>
     <span class='ocr_line' id='line_1_22' title="bbox 171 1819 916 1924; baseline 0.003 -20"><span class='ocrx_word' id='word_1_179' title='bbox 171 1843 253 1904; x_wconf 75' lang='grc' dir='ltr'><strong><em>οἶνον·</em></strong></span> <span class='ocrx_word' id='word_1_180' title='bbox 276 1819 353 1904; x_wconf 80' lang='grc' dir='ltr'><strong><em>τόότο</em></strong></span> <span class='ocrx_word' id='word_1_181' title='bbox 366 1846 418 1922; x_wconf 83' lang='grc' dir='ltr'><strong><em>γάρ</em></strong></span> <span class='ocrx_word' id='word_1_182' title='bbox 430 1845 539 1913; x_wconf 78' lang='grc' dir='ltr'><strong><em>ἑωυτοὺς</em></strong></span> <span class='ocrx_word' id='word_1_183' title='bbox 549 1847 602 1906; x_wconf 81' lang='grc' dir='ltr'><strong><em>ὖπό</em></strong></span> <span class='ocrx_word' id='word_1_184' title='bbox 616 1853 739 1924; x_wconf 85' lang='grc' dir='ltr'><strong><em>Περσέων</em></strong></span> <span class='ocrx_word' id='word_1_185' title='bbox 752 1851 916 1908; x_wconf 70' lang='grc' dir='ltr'><strong><em>ἑσσοῦσθαι</em></strong></span> 
     </span>
    </p>

    <p class='ocr_par' dir='ltr' id='par_1_3' title="bbox 170 1925 974 2664">
     <span class='ocr_line' id='line_1_23' title="bbox 232 1925 971 2005; baseline 0 -19"><span class='ocrx_word' id='word_1_186' title='bbox 232 1933 272 1986; x_wconf 80' lang='grc'><strong><em>23.</em></strong></span> <span class='ocrx_word' id='word_1_187' title='bbox 293 1925 483 2004; x_wconf 73' lang='grc' dir='ltr'><strong><em>Ἀντειρομένων</em></strong></span> <span class='ocrx_word' id='word_1_188' title='bbox 498 1933 525 1987; x_wconf 85' lang='grc' dir='ltr'><strong><em>δέ</em></strong></span> <span class='ocrx_word' id='word_1_189' title='bbox 541 1929 586 1988; x_wconf 87' lang='grc' dir='ltr'><strong><em>τόν</em></strong></span> <span class='ocrx_word' id='word_1_190' title='bbox 600 1931 707 2004; x_wconf 80' lang='grc' dir='ltr'><strong><em>βασιλέα</em></strong></span> <span class='ocrx_word' id='word_1_191' title='bbox 721 1931 771 1988; x_wconf 85' lang='grc' dir='ltr'><strong><em>τῶν</em></strong></span> <span class='ocrx_word' id='word_1_192' title='bbox 782 1929 971 2005; x_wconf 70' lang='grc' dir='ltr'><strong><em>Ἰχθυοφάγων</em></strong></span> 
     </span>
     <span class='ocr_line' id='line_1_24' title="bbox 171 2007 974 2089; baseline 0.006 -21"><span class='ocrx_word' id='word_1_193' title='bbox 171 2010 214 2080; x_wconf 77' lang='grc' dir='ltr'><strong><em>τῆς</em></strong></span> <span class='ocrx_word' id='word_1_194' title='bbox 229 2007 286 2080; x_wconf 86' lang='grc' dir='ltr'><strong><em>ζόης</em></strong></span> <span class='ocrx_word' id='word_1_195' title='bbox 299 2013 343 2067; x_wconf 83' lang='grc' dir='ltr'><strong><em>καὶ</em></strong></span> <span class='ocrx_word' id='word_1_196' title='bbox 356 2013 452 2082; x_wconf 77' lang='grc' dir='ltr'><strong><em>διαίτης</em></strong></span> <span class='ocrx_word' id='word_1_197' title='bbox 464 2016 534 2087; x_wconf 84' lang='grc' dir='ltr'><strong><em>πέρι,</em></strong></span> <span class='ocrx_word' id='word_1_198' title='bbox 558 2014 615 2070; x_wconf 78' lang='grc' dir='ltr'><strong><em>ἔτεα</em></strong></span> <span class='ocrx_word' id='word_1_199' title='bbox 629 2017 676 2089; x_wconf 86' lang='grc' dir='ltr'><strong><em>μέν</em></strong></span> <span class='ocrx_word' id='word_1_200' title='bbox 688 2019 712 2080; x_wconf 79' lang='grc' dir='ltr'><strong><em>ἐς</em></strong></span> <span class='ocrx_word' id='word_1_201' title='bbox 726 2019 808 2072; x_wconf 79' lang='grc' dir='ltr'><strong><em>εἴκοσι</em></strong></span> <span class='ocrx_word' id='word_1_202' title='bbox 821 2015 864 2070; x_wconf 75' lang='grc' dir='ltr'><strong><em>καὶ</em></strong></span> <span class='ocrx_word' id='word_1_203' title='bbox 877 2010 974 2072; x_wconf 67' lang='grc' dir='ltr'><strong><em>ἑκατὸν</em></strong></span> 
     </span>
     <span class='ocr_line' id='line_1_25' title="bbox 171 2089 972 2201; baseline 0.01 -51"><span class='ocrx_word' id='word_1_204' title='bbox 171 2089 230 2158; x_wconf 84' lang='grc' dir='ltr'><strong><em>τοός</em></strong></span> <span class='ocrx_word' id='word_1_205' title='bbox 242 2090 351 2157; x_wconf 73' lang='grc' dir='ltr'><strong><em>πολλοὺς</em></strong></span> <span class='ocrx_word' id='word_1_206' title='bbox 365 2090 449 2150; x_wconf 73' lang='grc' dir='ltr'><strong><em>αὐτῶν</em></strong></span> <span class='ocrx_word' id='word_1_207' title='bbox 464 2091 646 2162; x_wconf 72' lang='grc' dir='ltr'><strong><em>ἀπικνέεσθαι,</em></strong></span> <span class='ocrx_word' id='word_1_208' title='bbox 670 2095 838 2201; x_wconf 74' lang='grc' dir='ltr'><strong><em>ὑπερβάλλειν</em></strong></span> <span class='ocrx_word' id='word_1_209' title='bbox 853 2097 883 2154; x_wconf 86' lang='grc' dir='ltr'><strong><em>δέ</em></strong></span> <span class='ocrx_word' id='word_1_210' title='bbox 899 2115 972 2158; x_wconf 63' lang='grc' dir='ltr'><strong><em>τινας</em></strong></span> 
     </span>
     <span class='ocr_line' id='line_1_26' title="bbox 170 2173 970 2275; baseline 0.004 -45"><span class='ocrx_word' id='word_1_211' title='bbox 170 2199 215 2230; x_wconf 85' lang='grc' dir='ltr'><strong><em>τισι</em></strong></span> <span class='ocrx_word' id='word_1_212' title='bbox 227 2199 322 2241; x_wconf 89' lang='grc' dir='ltr'><strong><em>ταυτα,</em></strong></span> <span class='ocrx_word' id='word_1_213' title='bbox 345 2179 445 2246; x_wconf 83' lang='grc' dir='ltr'><strong><em>σι’τησιν</em></strong></span> <span class='ocrx_word' id='word_1_214' title='bbox 457 2173 523 2234; x_wconf 82' lang='grc' dir='ltr'><strong><em>δέ</em></strong></span> <span class='ocrx_word' id='word_1_215' title='bbox 497 2199 563 2234; x_wconf 86' lang='grc' dir='ltr'><strong><em>ειναι</em></strong></span> <span class='ocrx_word' id='word_1_216' title='bbox 575 2181 636 2252; x_wconf 88' lang='grc' dir='ltr'><strong><em>κρέα</em></strong></span> <span class='ocrx_word' id='word_1_217' title='bbox 653 2175 729 2275; x_wconf 78' lang='grc' dir='ltr'><strong><em>ἑφθά</em></strong></span> <span class='ocrx_word' id='word_1_218' title='bbox 743 2202 787 2234; x_wconf 91' lang='grc' dir='ltr'><strong><em>και</em></strong></span> <span class='ocrx_word' id='word_1_219' title='bbox 803 2176 877 2254; x_wconf 84' lang='grc' dir='ltr'><strong><em>πόμα</em></strong></span> <span class='ocrx_word' id='word_1_220' title='bbox 890 2177 970 2253; x_wconf 85' lang='grc' dir='ltr'><strong><em>γάλα</em></strong></span> 
     </span>
     <span class='ocr_line' id='line_1_27' title="bbox 171 2256 970 2336; baseline 0.01 -20"><span class='ocrx_word' id='word_1_221' title='bbox 171 2257 268 2331; x_wconf 78' lang='grc' dir='ltr'><strong><em>θῶυμα</em></strong></span> <span class='ocrx_word' id='word_1_222' title='bbox 287 2259 314 2314; x_wconf 82' lang='grc' dir='ltr'><strong><em>δὲ</em></strong></span> <span class='ocrx_word' id='word_1_223' title='bbox 331 2263 485 2332; x_wconf 74' lang='grc' dir='ltr'><strong><em>ποιευμένων</em></strong></span> <span class='ocrx_word' id='word_1_224' title='bbox 497 2260 548 2316; x_wconf 79' lang='grc' dir='ltr'><strong><em>τῶν</em></strong></span> <span class='ocrx_word' id='word_1_225' title='bbox 564 2256 738 2318; x_wconf 85' lang='grc' dir='ltr'><strong><em>κατασκόπων</em></strong></span> <span class='ocrx_word' id='word_1_226' title='bbox 751 2263 872 2336; x_wconf 78' lang='grc' dir='ltr'><strong><em>περιττόν</em></strong></span> <span class='ocrx_word' id='word_1_227' title='bbox 887 2267 970 2323; x_wconf 65' lang='grc' dir='ltr'><strong><em>ἐτέων,</em></strong></span> 
     </span>
     <span class='ocr_line' id='line_1_28' title="bbox 171 2338 966 2418; baseline 0.005 -24"><span class='ocrx_word' id='word_1_228' title='bbox 171 2339 213 2394; x_wconf 73' lang='grc' dir='ltr'><strong><em>ἐπι</em></strong></span> <span class='ocrx_word' id='word_1_229' title='bbox 226 2361 319 2412; x_wconf 88' lang='grc' dir='ltr'><strong><em>κρηνην</em></strong></span> <span class='ocrx_word' id='word_1_230' title='bbox 331 2363 379 2412; x_wconf 89' lang='grc' dir='ltr'><strong><em>σφι</em></strong></span> <span class='ocrx_word' id='word_1_231' title='bbox 391 2338 583 2414; x_wconf 83' lang='grc' dir='ltr'><strong><em>ηγησασθαι’</em></strong></span> <span class='ocrx_word' id='word_1_232' title='bbox 569 2339 616 2398; x_wconf 81' lang='lat' dir='ltr'><strong><em>om’</em></strong></span> <span class='ocrx_word' id='word_1_233' title='bbox 632 2345 663 2412; x_wconf 80' lang='grc' dir='ltr'><strong><em>ης</em></strong></span> <span class='ocrx_word' id='word_1_234' title='bbox 676 2341 810 2416; x_wconf 81' lang='grc' dir='ltr'><strong><em>λουόμενοι</em></strong></span> <span class='ocrx_word' id='word_1_235' title='bbox 821 2341 966 2418; x_wconf 80' lang='grc' dir='ltr'><strong><em>λιπαρώτε-</em></strong></span> 
     </span>
     <span class='ocr_line' id='line_1_29' title="bbox 171 2420 972 2514; baseline 0.016 -40"><span class='ocrx_word' id='word_1_236' title='bbox 171 2439 213 2514; x_wconf 78' lang='grc' dir='ltr'><strong><em>ροι</em></strong></span> <span class='ocrx_word' id='word_1_237' title='bbox 226 2423 350 2491; x_wconf 78' lang='grc' dir='ltr'><strong><em>ἐγένοντο,</em></strong></span> <span class='ocrx_word' id='word_1_238' title='bbox 368 2420 484 2498; x_wconf 80' lang='grc' dir='ltr'><strong><em>κατάπερ</em></strong></span> <span class='ocrx_word' id='word_1_239' title='bbox 497 2445 521 2478; x_wconf 87' lang='grc' dir='ltr'><strong><em>ει</em></strong></span> <span class='ocrx_word' id='word_1_240' title='bbox 513 2423 660 2481; x_wconf 80' lang='grc' dir='ltr'><strong><em>’ἐλαίου</em></strong></span> <span class='ocrx_word' id='word_1_241' title='bbox 632 2445 683 2496; x_wconf 90' lang='grc' dir='ltr'><strong><em>ειη</em></strong></span> <span class='ocrx_word' id='word_1_242' title='bbox 706 2422 771 2492; x_wconf 85' lang='grc' dir='ltr'><strong><em>όζειν</em></strong></span> <span class='ocrx_word' id='word_1_243' title='bbox 783 2422 837 2482; x_wconf 86' lang='grc' dir='ltr'><strong><em>δὲ’</em></strong></span> <span class='ocrx_word' id='word_1_244' title='bbox 823 2449 860 2482; x_wconf 88' lang='grc' dir='ltr'><strong><em>απ</em></strong></span> <span class='ocrx_word' id='word_1_245' title='bbox 862 2421 972 2494; x_wconf 71' lang='grc' dir='ltr'><strong><em>αὐτῆς</em></strong></span> 
     </span>
     <span class='ocr_line' id='line_1_30' title="bbox 171 2495 971 2582; baseline 0.014 -31"><span class='ocrx_word' id='word_1_246' title='bbox 171 2495 232 2552; x_wconf 85' lang='grc' dir='ltr'><strong><em>ὧσει</em></strong></span> <span class='ocrx_word' id='word_1_247' title='bbox 244 2504 295 2554; x_wconf 73' lang='grc' dir='ltr'><strong><em>ἴων.</em></strong></span> <span class='ocrx_word' id='word_1_248' title='bbox 324 2499 436 2568; x_wconf 81' lang='grc' dir='ltr'><strong><em>ιἰσθενές</em></strong></span> <span class='ocrx_word' id='word_1_249' title='bbox 452 2501 522 2562; x_wconf 82' lang='grc' dir='ltr'><strong><em>δέ</em></strong></span> <span class='ocrx_word' id='word_1_250' title='bbox 496 2528 527 2562; x_wconf 87' lang='grc' dir='ltr'><strong><em>το</em></strong></span> <span class='ocrx_word' id='word_1_251' title='bbox 544 2503 661 2580; x_wconf 66' lang='grc' dir='ltr'><strong><em>ὕδωρ</em></strong></span> <span class='ocrx_word' id='word_1_252' title='bbox 631 2529 675 2576; x_wconf 85' lang='grc' dir='ltr'><strong><em>της</em></strong></span> <span class='ocrx_word' id='word_1_253' title='bbox 687 2529 778 2582; x_wconf 86' lang='grc' dir='ltr'><strong><em>κρηνης</em></strong></span> <span class='ocrx_word' id='word_1_254' title='bbox 791 2503 884 2576; x_wconf 71' lang='grc' dir='ltr'><strong><em>ταύτης</em></strong></span> <span class='ocrx_word' id='word_1_255' title='bbox 899 2503 971 2564; x_wconf 67' lang='grc' dir='ltr'><strong><em>οὕτω</em></strong></span> 
     </span>
     <span class='ocr_line' id='line_1_31' title="bbox 172 2574 969 2664; baseline -0.004 -18"><span class='ocrx_word' id='word_1_256' title='bbox 172 2574 203 2646; x_wconf 55' lang='grc' dir='ltr'><strong><em>θλ</em></strong></span> <span class='ocrx_word' id='word_1_257' title='bbox 221 2599 245 2634; x_wconf 68' lang='lat'><strong><em>¹⁴</em></strong></span> <span class='ocrx_word' id='word_1_258' title='bbox 262 2580 395 2660; x_wconf 68' lang='grc' dir='ltr'><strong><em>ἔλεγον</em></strong></span> <span class='ocrx_word' id='word_1_259' title='bbox 369 2593 435 2642; x_wconf 78' lang='grc' dir='ltr'><strong><em>εἰναι</em></strong></span> <span class='ocrx_word' id='word_1_260' title='bbox 452 2587 478 2644; x_wconf 81' lang='grc' dir='ltr'><strong><em>οἱ</em></strong></span> <span class='ocrx_word' id='word_1_261' title='bbox 495 2584 668 2656; x_wconf 77' lang='grc' dir='ltr'><strong><em>κατάσκοποι,</em></strong></span> <span class='ocrx_word' id='word_1_262' title='bbox 681 2585 749 2648; x_wconf 80' lang='grc' dir='ltr'><strong><em>αι’σιε</em></strong></span> <span class='ocrx_word' id='word_1_263' title='bbox 767 2583 892 2664; x_wconf 82' lang='grc' dir='ltr'><strong><em>μηδὲν</em></strong></span> <span class='ocrx_word' id='word_1_264' title='bbox 863 2585 922 2649; x_wconf 80' lang='grc' dir='ltr'><strong><em>οιόν</em></strong></span> <span class='ocrx_word' id='word_1_265' title='bbox 941 2610 969 2644; x_wconf 84' lang='grc' dir='ltr'><strong><em>τε</em></strong></span> 
     </span>
    </p>
   </div>
   <div class='ocr_carea' id='block_1_3' title="bbox 0 0 1013 3030">
    <p class='ocr_par' dir='ltr' id='par_1_4' title="bbox 0 0 1013 3030">
     <span class='ocr_line' id='line_1_32' title="bbox 0 0 1013 3030; baseline 0 0"><span class='ocrx_word' id='word_1_266' title='bbox 0 0 1013 3030; x_wconf 95' lang='lat' dir='ltr'><strong><em> </em></strong></span> 
     </span>
    </p>
   </div>
  </div>
 </body>
</html>
